1664 2891
336 54 616 104 Damus
676 52 1082 117 JUL1ANUS.
1290 63 1388 127 327

51 136 308 190 exercitium
324 137 505 185 militare
519 134 740 199 produxit,
764 137 775 157 ¹
787 134 846 181 ita
858 149 907 182 ut
922 135 1107 186 vicarios
1117 141 1258 204 operis
1272 147 1390 209 quod

55 209 283 272 unicuique
301 201 668 270 praescribebamr,
684 202 882 247 mercede
896 204 1201 250 conducerent.
1249 212 1307 256 Et·
1319 214 1391 259 Se-
1407 214 1441 260 6

54 291 178 324 verus
189 273 358 337 quidem
372 269 424 315 ad
440 267 592 315 urbem
605 264 759 311 infesto
775 267 947 330 agmine
960 268 1163 316 venie-bat
1180 289 1190 316 :
1216 269 1287 320 sed
1313 279 1390 323 Di-

51 340 146 388 dius
164 337 358 402 jul-ianus
384 334 492 381 nihil
518 351 616 380 cum
632 332 821 379 exercitu
837 335 1100 396 praetoriano
1114 335 1388 398 proficiebat2

49 421 176 469 quem
199 401 390 467 quotidie
411 400 596 465 populus
622 404 666 446 &
681 399 819 462 magis
832 400 980 446 oderat
993 406 1035 446 &
1050 401 1231 448 ridebat.
1269 408 1282 427 ²
1299 404 1384 469 Sed

45 469 239 534 Julianus
252 466 420 532 sperans
432 470 605 513 Laeturn
626 463 839 511 fautorem
852 466 1027 523 Severi,
1042 485 1173 531 quum
1190 485 1267 532 per
1282 479 1384 529 eum

47 533 283 582 Commodi
295 551 444 580 manus
459 530 663 586 evasisset,
677 531 873 596 ingratus
888 546 1008 579 tanto
1020 533 1251 588 beneficio,
1276 540 1287 566 ³
1297 534 1387 597 jus-

44 600 96 648 fit
108 617 208 647 eum
224 599 377 647 occidi.
403 597 550 662 “juffit
563 599 691 646 etiam
704 598 911 645 Martiam
925 598 1126 646 interfici.
1153 603 1168 627 5
1178 600 1263 646 Sed
1277 603 1383 650 dum

41 666 135 713 haec
151 665 240 730 egit
257 666 455 731 Julianus
468 698 482 720 ,
506 666 686 711 Severus
710 662 909 711 ⁶claffem
930 666 1228 713 Ravennatem
1253 685 1382 715 occu-

41 744 115 796 pat
130 751 139 778 ε
171 732 304 796 legati
317 731 480 779 senatus
494 730 750 796 quiJuliano
762 728 1044 794 promiserant
1057 749 1232 796 operam
1248 732 1382 791 suam..

38 797 95 844 ad
120 799 326 845 Severum
349 796 616 844 tranfierunt.
676 795 856 842 Tullius
890 796 1117 861 Crispinus
1150 797 1382 862 praefectus

39 864 245 927 praetorio
257 899 271 920 ‚
294 877 443 910 contra
465 864 674 908 Severum
699 860 841 909 missus
855 876 905 909 ut
918 862 1084 910 claffem
1098 865 1374 927 produceret,

36 927 230 992 repulsus
242 931 425 976 Romam
440 928 578 974 rediit.
616 930 728 974 Haec
741 928 1080 993 quumJulianus
1095 930 1265 977 videret
1281 967 1294 988 ‚
1320 931 1380 979 se-

37 1008 187 1041 natum
212 995 383 1058 rogavit
406 1007 456 1040 ut
479 994 667 1057 virgines
693 992 881 1040 Vestales
907 1000 950 1040 ὃς
972 996 1116 1042 caeteri
1140 995 1378 1047 sacerdotes

39 1076 139 1107 cum
154 1059 300 1107 senatu
312 1060 485 1106 obviam
502 1059 708 1105 exercitui
719 1060 868 1105 Severi
881 1061 1119 1122 prodirent,
1138 1067 1181 1108 ὃ(
1196 1077 1380 1125 praeten-

39 1125 92 1171 tis
103 1124 249 1172 infulis
261 1140 464 1190 rogarent
480 1146 488 1172 :
515 1129 533 1155 ⁷
546 1126 673 1172 inane
689 1139 841 1173 contra
857 1125 1054 1173 barbaros
1068 1128 1223 1173 milites
1236 1131 1376 1191 praefi-

36 1190 161 1237 dium
183 1208 346 1256 parans.
391 1194 503 1239 Haec
514 1205 657 1238 tamen
671 1191 999 1256 agentiJuliano
1014 1191 1030 1216 ⁸
1042 1193 1216 1240 Faustus
1231 1195 1377 1259 Qin-

39 1256 156 1303 tillus
179 1258 406 1305 consularis
421 1274 555 1323 augur
566 1258 827 1305 contradixit
840 1290 855 1312 ,
878 1257 1086 1323 asserem,
1113 1277 1201 1304 non
1220 1260 1377 1309 debere

35 1321 247 1387 imperare
271 1341 368 1371 eum
392 1325 465 1389 qui
485 1324 609 1370 armis
633 1320 873 1372 adversario
901 1341 988 1370 non
1014 1323 1152 1388 posset
1176 1324 1372 1374 refistere.

35 1389 107 1434 cui
130 1389 255 1435 multi
279 1389 486 1437 senatores
509 1389 825 1438 consenserunt.
865 1391 1014 1452 Qare
1037 1390 1170 1437 iratus
1195 1392 1371 1449 Didius,

32 1454 189 1501 milites
202 1454 225 1499 ὲ
238 1454 378 1501 castris
392 1456 517 1520 petiit
528 1457 600 1521 qui
617 1457 805 1504 senatum
821 1456 872 1502 ad
890 1454 1139 1520 obsequium
1161 1473 1369 1522 cogerent

28 1533 104 1566 aut
127 1520 450 1570 obtruncarent.
500 1524 586 1570 Sed
610 1524 657 1571 id
678 1523 902 1571 confilium
925 1521 1155 1586 displicuit.
1208 1526 1368 1588 Neque

1247 1607 1366 1637 enirn

747 1683 776 1710 4.
787 1670 889 1715 Jusiit
899 1671 981 1701 etiam
992 1671 1131 1702 Martiam
1142 1671 1271 1711 interfici.
1279 1671 1290 1710 ]
1299 1674 1367 1702 Ma·

715 1713 745 1748 le
764 1726 878 1748 veteres
894 1738 903 1752 ,
925 1718 1114 1747 Marcianum.
1140 1709 1365 1759 Βίο,’έσφωξί

715 1763 745 1805 25),
761 1759 826 1795 ‘ziw'
841 1761 1015 1806 Μαρκίων.
1043 1764 1131 1795 Idem.

762 1821 787 1851 5.
810 1810 862 1841 Sed
872 1810 937 1840 dum
948 1810 1002 1841 haec
1011 1811 1065 1853 egit
1078 1809 1245 1853 Julianus]
1263 1808 1365 1842 Scribe

714 1857 780 1898 agit.
804 1855 888 1886 ita&
901 1855 990 1886 codd.
1021 1854 1108 1885 Idem.

753 1899 806 1930 Sed
823 1899 890 1931 dum
906 1901 960 1930 hac
969 1900 1024 1943 agit
1035 1899 1204 1943 Julianus]
1230 1903 1275 1932 Ita
1294 1897 1366 1931 scri-

710 1945 908 1987 ptialiorum.
932 1945 1007 1976 editi
1017 1944 1160 1976 haetenus
1174 1968 1184 1983 ‚
1195 1948 1262 1989 egit.
1283 1948 1365 1978 Gru-

711 1999 804 2022 tetus.

73 1677 102 1699 1.
125 1672 172 1699 lta
182 1678 213 1700 ut
225 1670 343 1701 vicarios
354 1669 436 1711 operis
448 1669 520 1712 quod
531 1672 677 1715 unicuique

24 1713 244 1755 praefiribebatur
253 1737 262 1751 ‚
283 1715 398 1745 mercede
409 1715 612 1758 conducerent]
634 1718 678 1749 Si-

29 1758 104 1789 mile
117 1758 185 1790 huic
196 1759 273 1791 illud
286 1759 371 1803 quod
384 1760 491 1802 legitur
503 1762 580 1803 apud
590 1764 678 1795 Vale-

25 1803 107 1834 rium
128 1804 299 1836 Maximum
326 1803 408 1836 libro
425 1815 469 1836 rx.
502 1807 598 1848 capite
616 1808 675 1849 pri-

25 1857 93 1878 mo,
114 1847 223 1880 Veriim
235 1859 292 1881 nos
302 1871 310 1885 ‚
324 1849 425 1880 dehac
435 1860 599 1892 corporum
609 1853 674 1884 ani-

24 1902 210 1935 morumque
218 1892 340 1930 desidia,
349 1894 385 1925 ad
395 1895 535 1927 Tacitum
545 1895 636 1928 lib.x1
646 1908 658 1928 1
667 1920 674 1927 .

23 1939 138 1970 Annal.
152 1948 233 1982 cap.3
243 1949 255 1980 5
264 1949 304 1981 .p.
316 1938 417 1972 lib.II.
428 1939 502 1971 Hist.
516 1951 575 1984 cap.
584 1952 599 1974 2
607 1953 620 1975 1
628 1965 635 1972 .
645 1941 668 1974 f.

55 1991 109 2014 rut.

28 1982 54 2025 9
65 2038 95 2059 2.
119 2027 173 2058 Sed
191 2027 330 2072 Julianus
345 2028 457 2071 sperans
468 2031 671 2068 Letumfauto-

21 2087 78 2113 rem
86 2077 206 2117 Severi.]
225 2083 332 2120 Sperarc
342 2088 398 2120 pro
413 2080 543 2120 opinari,
560 2070 670 2115 δὶκσνῗν,

21 2119 127 2163 paffim
136 2122 212 2163 apud
224 2123 402 2155 recentioris
415 2124 590 2158 Latinitatis
603 2122 673 2156 scri-

23 2175 126 2206 ptores
138 2189 147 2202 ,
166 2167 318 2200 interdum
335 2169 429 2200 eriam
447 2179 503 2211 pro
517 2177 669 2202 metuens·

25 2211 142 2252 Casirub.

69 2266 98 2297 3·
123 2255 222 2298 Jxfiit
240 2268 297 2288 eum
313 2257 429 2299 occidi.]
451 2258 540 2291 Alius
560 2257 602 2291 est
614 2257 668 2300 Ju-
687 2277 689 2286 ·

21 2299 81 2331 lius
96 2304 191 2332 Laetus
203 2302 253 2333 ille
273 2305 356 2343 cujus
378 2305 476 2335 multa
495 2304 615 2336 mentio
633 2305 677 2335 in*

23 2343 210 2388 sequentium
223 2356 397 2390 temporum
410 2348 507 2380 rebus.
534 2360 605 2381 nam
617 2349 666 2381 hic

17 2392 56 2439 ξἐξὲξ
78 2389 167 2429 jussus
185 2391 225 2422 est
238 2394 335 2424 occidi
351 2417 360 2430 ,
378 2392 548 2428 &occiihs.
578 2395 664 2434 Dio,

19 2434 149 2480 ἐσφαξε
164 2434 192 2473 ἃ·
206 2437 336 2474 Λοιῗπν.
363 2443 453 2482 Ldem.

766 2035 797 2066 6·
820 2035 935 2077 Claffim
959 2040 1144 2074 Ravennatem
1161 2035 1299 2078 θεατρικὴ]
1323 2037 1363 2066 Et

709 2077 829 2112 claffem
841 2082 872 2112 ὃς
883 2079 999 2112 urbem.
1020 2081 1096 2116 Dio,
1109 2077 1175 2113 τία)
1190 2076 1359 2113 P‘oe'C’evuow

710 2124 827 2165 oisfflmi
843 2121 1018 2168 σπιρὲλαιζε
1063 2132 1150 2162 Notae
1167 2127 1236 2161 sunt
1255 2126 1357 2161 claffes

709 2177 868 2205 Ravennas
882 2176 912 2206 &
928 2171 1067 2205 Misenas.
1096 2173 1212 2216 Cfimb·

751 2230 781 2259 7.
809 2223 891 2250 Imme
910 2228 1003 2250 contra
1018 2218 1146 2250 barbaros
1155 2220 1257 2249 milites
1263 2217 1358 2260 praefi-

706 2263 784 2293 dium
792 2264 924 2306 parans]
947 2263 1174 2306 Voxpraefidium
1184 2263 1265 2295 abest
1274 2264 1358 2295 anti-

703 2309 771 2352 quis
785 2308 983 2340 membrauis.
1007 2311 1124 2351 Salmas.

752 2355 781 2386 8.
816 2354 924 2397 Faustus
948 2353 1142 2395 Quintzllm]
1176 2353 1355 2387 Palatinus:

704 2397 848 2440 Pbaustius
866 2398 1044 2443 ,Qua-suillus.
1075 2408 1133 2434 vet.
1149 2399 1196 2433 cdv
1216 2398 1354 2442 Faustius.

707 2442 803 2478 Idem.

843 2490 845 2493 “
969 2491 996 2523 Χ
1018 2497 1039 2529 4
1247 2499 1276 2522 1.
1289 2485 1353 2531 Ju-
