1664 2891
217 133 317 201 938
442 132 667 178 FLAvrr
700 129 960 176 V01³1sc1
994 124 1339 176 SYRAeu‘sit

222 207 301 252 bns
316 202 581 250 vindicandi.
618 203 702 249 Sed
717 200 855 247 visum
867 201 980 248 estid
995 218 1082 260 non
1098 200 1212 265 poffe
1226 201 1316 249 fieri
1329 235 1344 257 ‚
1366 200 1444 249 nifi
1459 200 1559 251 fili*

221 289 312 318 mes
325 272 547 316 Romanus
559 269 866 315 extenderetur
878 301 891 320 ‚
916 272 958 313 &
972 266 1091 314 fieret
1105 269 1343 314 Germania
1354 281 1445 316 tota
1457 287 1557 334 pro-

221 337 379 384 vincia.
418 336 613 382 Maxime
638 349 779 380 tamen
794 365 807 385 ,
836 331 936 395 ipsis
962 335 1133 396 regibus
1161 332 1523 383 consentientibus
1538 368 1554 392 ‚

219 403 267 450 in
289 420 361 449 eos
385 402 655 448 vindicatum
682 399 741 445 est
765 397 839 460 qui
855 399 1043 459 praedam
1062 398 1247 446 fideliter
1259 418 1347 446 non
1359 402 1558 450 reddide-

221 486 303 516 run
312 482 339 513 t.
403 467 584 531 Accepit
606 479 811 529 praeterea
836 463 1016 508 sedecim
1040 464 1174 509 millia
1199 466 1390 513 tironum
1404 501 1419 522 ,
1443 485 1555 533 quos

220 552 369 581 omnes
382 551 457 598 per
470 531 654 579 diversas
669 530 912 593 provincias
927 527 1089 591 sparsit,
1104 532 1115 551 ¹
1128 529 1187 575 ita
1200 545 1248 576 ut
1260 549 1463 584 numeris,
1479 533 1557 582 vel

220 600 451 647 limitaneis
472 597 681 645 militibus
694 597 1018 658 quinquagenos
1033 600 1073 640 ὃς
1093 593 1320 658 sexagenos
1333 598 1556 648 intersere-

222 683 305 724 ret,
320 672 334 690 ²
349 667 492 713 dicens
507 662 776 711 sentiendum
787 659 868 707 effe
881 677 970 706 non
984 660 1222 709 videndum
1235 679 1371 728 quum
1379 666 1558 715 auxilia-2

222 799 252 834 si
264 799 315 842 qui
325 796 422 829 hostes
433 797 592 830 existerent
602 820 611 836 ,
631 795 682 839 qui
692 792 775 837 ipsos
785 793 872 826 bello

222 852 393 888 premerent
405 866 413 880 .
424 843 498 876 dum
509 841 575 876 suas
586 841 711 884 injurias
721 837 871 874 ulciscun-

222 901 280 924 tur.
311 887 428 930 Cafhub.

262 944 290 966 Ι.
315 938 361 963 Ita
380 943 409 963 ut
427 933 544 964 numeris
555 934 597 964 vel
607 932 756 963 limitaneis
767 930 868 961 militi-

221 979 269 1011 {ms
286 979 300 1019 ]
331 978 364 1011 ld
376 977 416 1009 est
426 1001 435 1016 ‚
458 981 587 1010 Numeris
602 978 805 1012 &limitaneis
818 977 869 1006 mi-

218 1024 324 1058 litibus.
340 1026 371 1055 &
388 1024 553 1055 Frontinus
563 1024 600 1056 de
613 1022 760 1054 Coloniis
775 1032 783 1053 ι
798 1027 868 1051 ,Διι-

218 1070 317 1101 reliam
327 1072 368 1100 vel
407 1071 560 1112 ampanicim
570 1082 580 1100 .·
604 1079 661 1110 pro
675 1068 826 1099 Aureliam
838 1067 869 1097 δε

220 1114 436 1156 Campaniam.
456 1126 578 1145 nummos
596 1123 697 1145 autem
716 1112 775 1144 hoc
795 1112 869 1142 loco

220 1158 366 1201 vopiscus
378 1182 386 1196 ‚
410 1158 427 1190 a
445 1160 594 1190 limitaneis
613 1158 747 1189 militibus
765 1155 856 1188 distin

219 1205 359 1248 guit,hoc
371 1203 423 1239 est,
435 1205 622 1248 legionarios
633 1204 749 1235 milites
759 1199 776 1233 ἒ
787 1202 870 1233 limi-

219 1253 317 1282 taneis
333 1252 377 1281 vel
391 1249 564 1291 ripenfibus.
579 1248 699 1281 numeri
709 1247 792 1279 enim
803 1244 871 1277 sunt

219 1296 371 1338 legiones.
386 1295 546 1337 legionarii
557 1295 740 1334 milites‚per
748 1293 871 1334 provin-

221 1342 283 1374 cias
296 1338 430 1381 dispofiti
441 1340 583 1373 incastris
594 1362 606 1377 ‚
626 1341 657 1371 ἃ
678 1337 796 1371 sedibus
808 1359 818 1374 ‚
837 1345 871 1368 ut

219 1394 295 1418 tunc
310 1384 497 1417 vocabantur
519 1384 677 1427 degebant.
717 1381 871 1414 limitanei

221 1441 294 1463 vero
305 1453 314 1466 ‚
334 1431 384 1473 qui
405 1432 437 1461 in
449 1431 509 1473 ripa
519 1441 570 1473 per
580 1440 694 1461 cuneos
705 1428 873 1470 auxiliaque

221 1476 393 1512 constituti,
407 1476 540 1507 limitem
551 1474 722 1507 tuebantur.
750 1483 820 1504 nam
835 1473 872 1503 li-

222 1521 351 1552 mitanei
361 1522 393 1552 &
405 1518 536 1562 ripenses
548 1520 652 1551 iidem.
675 1518 871 1552 Comitaten-

220 1565 265 1599 ses
279 1566 370 1609 igitur
381 1567 494 1597 milites
504 1566 536 1596 in
547 1565 647 1597 castris
657 1574 752 1596 erant.
788 1562 870 1593 limi-

221 1613 304 1643 tanei
313 1621 385 1642 vero
397 1612 428 1642 δε
441 1609 570 1652 ripenses
583 1612 614 1641 in
624 1611 685 1650 ripa
697 1620 747 1651 per
757 1618 870 1639 cuneos

221 1655 493 1688 constituebantur.
506 1656 544 1688 ad
553 1654 701 1697 ripensem
710 1664 804 1695 porro
816 1654 873 1684 mi-

221 1703 321 1734 litiam
336 1712 401 1733 non
412 1701 560 1733 eademin
581 1701 681 1732 milite
698 1699 808 1731 statura
825 1709 872 1730 ex-

222 1746 431 1790 igebamrmec
439 1747 520 1778 idem
531 1746 669 1787 corporis
681 1743 871 1786 robur,quod

221 1793 256 1824 in
267 1790 458 1824 comitatensi
471 1793 516 1823 vel
529 1791 706 1834 legionaria.
725 1790 842 1830 Salmas.

267 1848 296 1870 2.
321 1837 604 1878 Dicenssenezc-ndum
615 1835 664 1876 ([Ῐέ
676 1857 685 1872 ,
708 1848 757 1866 non
770 1833 870 1864 viden-

222 1882 291 1914 dum
305 1905 314 1920 ‚
331 1884 390 1914 crim
406 1882 588 1912 auxiliaribus
599 1880 725 1912 Barbaris
739 1884 869 1915 Romanus

217 1928 365 1970 juraturi]
388 1928 487 1960 Veteri
505 1926 647 1958 instituto
665 1936 712 1957 res
724 1923 802 1957 sacta
810 1924 871 1956 fuit

221 1974 335 2005 militia
353 1977 515 2005 Romana:
537 1971 574 2003 ad
585 1981 676 2013 quam
688 1969 761 2002 solis
773 1969 868 2011 patuit

221 2020 322 2050 aditus
334 2017 448 2050 civibus
461 2040 471 2054 ,
486 2019 518 2050 ὃς
528 2017 653 2060 quidem
665 2016 702 2048 iis
713 2015 766 2058 qui
776 2012 868 2046 essent

219 2065 312 2106 pleno
326 2066 389 2103 jure
401 2064 491 2094 cives.
514 2061 627 2105 postea,
642 2071 675 2093 ut
688 2069 809 2093 mutant
822 2070 867 2091 res

220 2109 337 2140 cun&ae
345 2108 507 2140 hominum
519 2130 528 2143 ‚
540 2109 571 2139 δε
583 2106 733 2142 libertini,
750 2107 780 2137 ἃ
795 2103 867 2137 servi

219 2155 313 2186 etiam
326 2152 393 2185 sunt
403 2151 539 2185 admissi:
562 2152 685 2184 tandem
695 2151 787 2182 etiam
801 2153 869 2181 Bar-

219 2198 303 2230 bari:
320 2209 412 2241 quam
430 2198 510 2229 inter
520 2196 617 2229 amiffi
630 2197 748 2238 imperii
759 2193 868 2226 caussas

218 2255 312 2276 unam
333 2246 364 2275 ὅς
377 2243 516 2275 Zosimus
529 2244 560 2274 ὃ(
571 2243 623 2274 alii
633 2241 768 2273 statuunt
780 2238 866 2271 vere:

219 2288 290 2321 ideo
311 2288 428 2321 Probus
449 2297 597 2332 quantum
618 2287 719 2330 potuit
730 2284 868 2318 diffimu-

219 2334 280 2366 lare
292 2334 418 2365 dedecus
430 2334 489 2365 hoc
503 2333 544 2364 est
554 2342 694 2364 conatus.
721 2330 836 2373 casaub.

1438 732 1560 779 ribus

908 793 987 827 tium
996 792 1059 827 fere
1078 793 1193 837 semper
1209 792 1292 828 usam
1312 793 1380 828 effe.
1403 799 1442 828 Et
1450 798 1560 840 primis

911 839 1035 885 quidem
1053 840 1263 883 temporibus,
1286 839 1459 884 priusquam
1472 844 1559 877 Italia

909 883 1030 917 lubasta
1040 883 1111 917 effer
1121 908 1130 922 ,
1149 895 1199 918 aut
1209 886 1242 917 in
1252 886 1442 928 provinciam
1453 885 1559 921 saltem

909 930 1027 962 redacta
1044 952 1054 968 ‚
1080 931 1219 973 legiones
1233 942 1266 963 ex
1277 931 1393 964 civibus
1407 933 1561 966 Romanis

910 974 1198 1011 conscribebantur.
1222 977 1330 1009 auxilia
1351 987 1425 1008 vero
1440 987 1475 1009 ex
1495 981 1562 1009 lta-

910 1021 977 1052 licis
988 1018 1077 1052 sociis
1093 1021 1291 1063 petebantur:
1315 1023 1346 1054 &
1370 1021 1431 1054 haec
1448 1022 1560 1057 auxilia

911 1075 1071 1097 numerum
1086 1068 1244 1109 legionum
1264 1065 1379 1109 semper
1394 1076 1445 1099 aut
1464 1077 1563 1110 aequa-

911 1109 995 1148 bant,
1009 1121 1059 1143 aut
1069 1122 1148 1143 certe
1157 1110 1333 1154 superabant
1358 1111 1424 1154 post
1436 1113 1560 1146 ltaliam

909 1156 1029 1188 civitate
1039 1157 1339 1200 donatam,legiones
1353 1166 1416 1189 tam
1427 1167 1461 1189 ex
1475 1158 1563 1190 Itali-

910 1201 954 1232 cis
974 1212 1065 1244 quam
1085 1212 1118 1233 ex
1131 1203 1303 1239 Romanis,
1330 1203 1452 1246 utrique
1471 1203 1560 1235 enim

910 1247 968 1286 jam
980 1246 1057 1277 cives
1072 1268 1081 1282 ‚
1097 1245 1248 1279 conscribi
1258 1257 1363 1289 coeptae
1374 1245 1461 1279 sunt:
1480 1247 1562 1280 auxi-

910 1291 951 1322 lia
965 1301 1037 1323 vero
1048 1302 1082 1322 ex
1092 1293 1161 1323 aliis
1170 1291 1314 1335 gentibus
1325 1293 1418 1335 petita
1429 1315 1438 1329 ‚
1449 1293 1561 1334 partim

908 1335 1067 1369 foederatis
1082 1359 1089 1372 ,
1109 1339 1220 1379 partim
1231 1338 1324 1369 etiam
1335 1337 1474 1369 mercede
1483 1348 1561 1369 con-

910 1380 1020 1413 dustis.
1045 1381 1117 1413 hinc
1136 1383 1396 1425 milesprovincialis
1405 1382 1484 1424 apud
1496 1386 1563 1422 Hy-

909 1427 1016 1469 ginum
1027 1449 1036 1462 ,
1046 1437 1101 1468 pro
1111 1427 1293 1470 legionario.
1323 1427 1461 1470 legiones
1472 1427 1558 1459 enim

913 1475 1059 1503 Romanae
1069 1482 1103 1503 ex
1122 1473 1224 1504 milite
1241 1473 1424 1514 provinciali
1441 1471 1562 1504 consta-

911 1515 995 1548 bant.
1028 1517 1184 1549 auxiliares
1211 1528 1285 1549 vero
1304 1517 1419 1549 milites
1436 1516 1559 1549 barbari

912 1559 1185 1594 subministrabant.
1215 1561 1345 1594 barbarae
1363 1558 1436 1605 ergo
1457 1562 1560 1593 natio-

911 1617 964 1639 nes
976 1607 1055 1638 inter
1064 1608 1171 1640 auxilia
1182 1615 1302 1639 tantum
1313 1606 1560 1643 militabant,nee

911 1652 974 1684 illis
985 1662 1119 1694 unquam
1136 1652 1174 1684 ad
1191 1652 1390 1695 legionariam
1409 1652 1557 1685 militiam

913 1698 1009 1738 patuit
1021 1697 1132 1729 aditus.
1158 1699 1277 1730 Primus
1289 1697 1383 1740 igitur
1393 1695 1559 1734 Probus,ut

912 1742 977 1774 heic
984 1741 1191 1778 habetur,cum
1202 1741 1499 1784 diceret,fintiendum
1507 1740 1558 1783 ‘ff'

911 1799 961 1817 non
974 1786 1124 1818 vidsndum
1136 1810 1145 1824 ‚
1156 1789 1259 1831 quoties
1271 1787 1454 1819 auxiliaribus
1465 1787 1561 1818 barba-

910 1834 948 1863 ris
963 1837 1096 1871 Romanus
1104 1835 1243 1875 juvatur,
1266 1831 1395 1865 sedecim
1416 1832 1557 1864 tironum

911 1878 1008 1909 millia
1018 1888 1052 1910 ex
1064 1877 1196 1911 barbaris
1207 1886 1328 1920 accepta
1339 1898 1348 1913 ,
1366 1888 1417 1920 per
1426 1875 1556 1909 diversas

913 1924 1047 1955 Romani
1061 1924 1180 1965 imperii
1190 1922 1362 1965 provincias
1377 1921 1485 1965 spargit
1495 1945 1506 1960 ‚
1523 1923 1557 1954 &

910 1967 1084 2010 legionibus
1098 1967 1264 2001 immiscuit
1276 1990 1285 2004 ‚
1297 1967 1506 2010 militibusque
1515 1967 1555 1998 li-

910 2014 1064 2045 mitaneis.
1084 2024 1148 2057 quo
1158 2014 1242 2046 fasto
1252 2012 1437 2045 &instituto
1451 2009 1559 2044 utrius-

910 2069 968 2100 que
987 2058 1103 2091 militia:
1121 2056 1484 2094 sacramentaeonfudit,
1514 2057 1559 2096 le3=

909 2104 1050 2146 gionariae
1062 2106 1092 2136 δι
1105 2104 1269 2140 auxiliaris,
1282 2114 1346 2146 quae
1355 2111 1425 2135 ante
1434 2102 1465 2133 id
1477 2112 1556 2134 tem-

910 2159 965 2190 pus
975 2159 1059 2180 erant
1073 2148 1214 2181 distincta
1232 2159 1265 2180 ac
1285 2146 1405 2180 diversa
1430 2156 1555 2179 tantum

910 2204 983 2237 ergo
1001 2193 1080 2226 abest
1100 2204 1133 2226 ut
1149 2192 1268 2227 Probus
1283 2194 1337 2225 hac
1348 2193 1379 2223 in
1389 2201 1473 2233 parte
1487 2195 1556 2223 Ro-

910 2249 1036 2270 manum
1067 2239 1195 2271 dedecus
1222 2237 1407 2271 dissimnlare
1424 2245 1555 2268 conatus

910 2282 1116 2321 Graecei-are,
1135 2295 1200 2327 quae
1213 2283 1315 2325 magni
1335 2283 1391 2314 viri
1403 2280 1554 2313 sententia

908 2328 950 2360 est
958 2351 968 2365 ,
992 2338 1025 2361 ut
1035 2330 1150 2372 primus
1161 2329 1208 2361 illi
1218 2328 1360 2360 dedecori
1370 2325 1472 2359 ansam
1482 2336 1555 2369 prae-

269 2381 371 2409 Dicens
383 2378 558 2421 [irruendum
574 2378 622 2420 cffi
641 2374 868 2413 nonvidendum,
911 2373 1029 2411 buerit,
1049 2374 1122 2406 dum
1132 2373 1330 2406 austorillius
1342 2371 1473 2404 instituti
1481 2371 1556 2409 fuit,

221 2435 304 2467 quum
317 2425 504 2454 auxiliasihus
513 2422 633 2454 barbaris
646 2428 776 2457 Romanus
783 2424 868 2463 juwa-
908 2430 971 2462 quo
997 2418 1102 2461 pasfim
1118 2418 1225 2451 exteris
1246 2419 1277 2449 δε
1300 2416 1434 2449 barbaris
1451 2416 1555 2449 natio-.-

220 2468 465 2509 tur.]Sciendum
477 2468 517 2500 est
527 2473 700 2500 Romanam
711 2477 805 2508 remp.
817 2475 868 2497 au·
908 2463 998 2496 nibus
1010 2486 1019 2500 ,
1043 2463 1080 2496 ad
1098 2464 1243 2496 militiam
1265 2467 1440 2497 Romanam
1451 2460 1556 2498 aditus

220 2514 300 2547 xiiiis
313 2511 468 2546 sotiorum
479 2535 488 2552 ,
509 2515 540 2546 &
550 2514 787 2557 alienigenarum
798 2521 869 2556 gen·
903 2508 1071 2554 patefactus
1080 2508 1131 2544 est.
1150 2508 1267 2551 Salmas:

1436 2561 1465 2586 ι.
1486 2547 1547 2586 ‚Ad
