1664 2891
253 70 352 139 890

469 74 696 123 FLAvrr
731 75 995 124 Voprsc1
1030 76 1382 130 SYRAcusrr

256 152 423 199 tunicas
434 152 658 210 haberent,
672 159 714 201 &
728 171 899 202 caeteras
911 154 1046 203 vestes
1062 190 1076 211 ‚
1095 161 1105 181 ¹
1120 176 1251 223 quum
1263 173 1387 208 antea
1401 161 1591 213 coloreas

255 218 510 275 habuiffent,
527 226 541 244 ²
553 226 594 268 ὃ(
609 234 655 268 ut
668 221 856 270 multtum
868 225 1254 287 oxypaederotinas.
1277 228 1294 249 *
1306 228 1362 272 Et
1376 244 1422 274 ut
1438 228 1588 278 fibulas

252 374 323 404 tur,
345 366 430 410 quod
455 367 638 401 Aurelianus
658 367 826 399 concedere
841 377 899 399 no-

253 413 344 445 luerit
363 413 469 450 uxori,
496 423 530 446 ut
554 414 647 445 unico
667 413 761 454 pallio
780 411 898 443 blatteo

250 454 347 490 serico
358 467 499 490 uteretur.
525 457 579 502 qui
592 459 682 501 igitur
695 457 763 489 aliis
785 467 895 488 matro

251 503 300 534 nis
311 501 497 536 concessisset
509 525 520 541 ‚
544 503 629 546 quod
640 502 723 534 uxori
744 501 871 544 negabat
883 506 893 534 ?

251 546 406 580 sciendum
416 548 457 580 est
467 550 571 580 locum
582 548 671 579 illum
678 546 720 578 de
729 545 898 579 holoserica

250 591 328 625 veste
336 593 547 635 accipiendum
561 615 570 628 ‚
580 602 670 635 quam
683 592 800 624 nemini
811 601 883 624 uren

249 637 321 671 dam
343 636 453 670 dedisse
471 661 480 674 ‚
516 648 615 680 neque
634 637 667 667 iu
686 635 822 668 vestiario
843 635 896 669 suo

245 681 379 715 habuiffe
400 682 599 714 Aurelianum
629 680 731 713 scribit
751 679 895 723 Vopiscus

246 726 340 770 supra.
368 726 513 759 subserica
526 738 598 759 vero
609 724 713 769 paslim
724 727 756 758 in
768 727 820 758 usu
831 728 891 768 pal<

247 773 288 805 lia
301 775 332 805 δι
345 773 454 804 tunicae
463 771 628 803 muliebres
640 794 649 807 ‚
668 783 741 815 quas
763 782 794 804 ut
814 771 891 803 blan

246 826 331 854 teas,
356 818 401 848 vel
413 827 574 858 purpureas
595 815 759 853 haberent,
779 826 895 849 matro-

243 864 291 895 nis
303 860 448 894 conceffit
462 863 655 894 Aurelianus.
680 864 796 903 Salmas?

290 921 317 943 1.
344 913 415 942 Cdm
432 921 510 943 antea
530 914 646 944 coloreas
657 911 830 953 habuiffint‚
852 917 891 947 (9-

244 964 276 988 ut
287 958 404 987 multam
414 957 679 1000 oxypaederotimu.]
703 961 826 989 Colorem
839 979 849 995 ,
861 957 891 989 id

243 1001 286 1033 est
295 1003 378 1033 vario
389 1003 494 1034 colore
506 1003 631 1039 tinstas,
643 999 740 1034 modo
751 1002 893 1039 hoc‚mo-

243 1043 286 1078 do
304 1047 372 1078 illo.
398 1049 521 1080 colorea
533 1048 621 1080 vestis
635 1047 762 1084 Latine,
784 1049 891 1090 quaein

241 1091 392 1124 idiomate
402 1093 520 1131 nostro,
533 1093 565 1125 de
574 1095 676 1124 couleur
685 1107 694 1124 .·
710 1091 760 1125 sed
770 1104 828 1124 nos
838 1104 891 1125 co-

242 1137 360 1169 l-oream
374 1139 562 1180 opponimus
574 1139 663 1181 nigrae
677 1138 743 1170 :hic
753 1134 824 1169 verb
837 1149 891 1180 op-

241 1183 369 1225 ponitur
387 1183 506 1216 blatteae
525 1184 582 1216 five
599 1194 759 1226 purpureae.
792 1184 833 1215 ita
845 1185 878 1215 lo

241 1229 302 1259 cuti
317 1226 383 1260 sunt
397 1229 543 1261 Romani.
563 1233 645 1261 Cave
655 1239 711 1271 pro
720 1228 831 1260 eodem
843 1239 890 1260 ac—

242 1272 336 1315 cipias
357 1275 520 1307 coloreurn
537 1274 751 1307 vestimentum
762 1276 794 1305 δε
805 1273 893 1306 verli-<

241 1324 354 1355 color:
374 1323 458 1367 quod
479 1324 590 1356 Graecis
609 1323 649 1356 est
664 1319 888 1367 maumo'ffirrv.

241 1369 315 1400 talia
337 1368 514 1401 vestimenta
536 1370 602 1412 lege
620 1369 714 1401 veteri
737 1368 890 1400 Romanis

241 1415 397 1446 matronis
416 1414 588 1446 interdista·
619 1415 723 1447 Livius
742 1410 835 1445 initio
855 1415 876 1445 li

240 1456 287 1490 bri
299 1472 368 1490 xxx
377 1473 384 1489 ι
393 1473 424 1489 v.
446 1459 695 1502 Oxfypaederotimu
711 1459 877 1500 interpreta

239 1513 310 1535 mur
322 1505 438 1536 coloris
451 1505 650 1546 paederotini,
678 1502 726 1536 sed
746 1502 835 1536 saturi
858 1506 888 1536 ὅ(

240 1558 307 1579 non
319 1549 419 1581 diluti.
435 1551 500 1582 Sive
509 1560 612 1582 autem
624 1549 661 1582 ab
669 1549 790 1581 acanthi
801 1548 889 1582 foliis

240 1604 358 1625 nomen
369 1595 519 1627 invenerit
532 1595 580 1627 hic
591 1596 693 1630 color,
702 1594 760 1627 five
768 1593 806 1625 ab
818 1605 889 1636 opa-

239 1638 287 1670 lio
298 1650 430 1681 gemma,
440 1639 664 1672 amoeuislimus
681 1638 823 1683 proferiti)
835 1638 888 1676 est,

238 1692 329 1726 atque
340 1683 461 1726 aspestu
471 1684 667 1728 gratissimus.
689 1685 806 1725 c'afizub.

289 1738 362 1765 Cum
389 1743 468 1765 antea
486 1737 596 1767 coloreas
617 1734 778 1777 habuiffint.
796 1735 807 1774 ]
831 1738 887 1765 Va-

237 1777 273 1810 !ii
291 1780 407 1810 coloris
425 1779 535 1812 vestem
556 1791 701 1812 vocamus
715 1802 723 1816 ,
753 1790 816 1823 quae
838 1790 872 1812 va

236 1823 355 1856 riorum
367 1824 409 1856 cst
419 1826 561 1857 colorum
579 1847 589 1860 ‚
618 1827 649 1857 δε
671 1826 770 1867 plures
791 1825 885 1877 interf-

235 1882 287 1904 tos
299 1871 389 1905 habet
399 1875 635 1912 colore55Graeci
651 1870 791 1902 maxim
805 1868 884 1911 ipwa-

234 1930 289 1952 τιοι
322 1933 455 1960 vocant,
483 1925 514 1955 &
547 1920 818 1967 mmmdqssmoeo.
847 1921 886 1954 fic

233 1968 352 1999 Latinis
364 1969 442 2000 varia
454 1968 542 2001 vestis
562 1993 571 2006 ,
603 1968 678 2000 varii
697 1968 812 1999 coloris
833 1968 883 1999 ve—

234 2010 297 2044 stis.
321 2011 497 2053 hujusmodi
511 2014 603 2057 igitur
619 2014 693 2045 varii
705 2014 820 2045 coloris
834 2024 883 2044 ve-

232 2056 289 2089 stes
312 2057 380 2090 sunt
398 2070 471 2102 quas
497 2059 563 2091 heic
588 2060 728 2090 coloreas
751 2059 881 2100 appellat

231 2101 400 2146 Vopiscus:
431 2104 516 2148 quod
535 2106 708 2136 multorum
731 2114 765 2135 ac
782 2104 880 2135 vario-

231 2157 301 2180 1urn
320 2147 415 2181 essent
437 2150 590 2181 colorum.
629 2149 700 2180 hinc
719 2149 878 2180 coloratos

232 2192 361 2226 lenones
389 2204 477 2226 vocat
495 2195 724 2231 Tertullianus,
744 2194 878 2238 coloreis

228 2239 331 2279 palliis
344 2238 472 2271 indutos
484 2262 492 2276 ,
505 2240 565 2271 hoc
575 2239 616 2272 est
628 2239 730 2281 palliis
742 2240 815 2270 varii
826 2249 864 2270 co

229 2283 316 2315 loris.
339 2285 574 2328 coloreisigitur
592 2283 722 2317 vestibus
743 2283 798 2316 usae
818 2294 881 2316 ma-

228 2335 326 2359 rronae
338 2333 487 2362 Romanae
500 2353 508 2367 ,
528 2341 597 2362 cum
611 2339 826 2372 purpurearum
846 2340 879 2360 u-

228 2368 276 2403 sus
288 2373 330 2404 eis
343 2374 533 2407 interdictus.
558 2386 628 2407 nam
640 2374 706 2417 post
717 2385 876 2416 purpureas

227 2416 260 2448 in
272 2419 370 2459 pretio
380 2419 464 2451 fuere
476 2422 605 2452 coloreae
616 2424 635 2458 ,⁷
645 2431 708 2463 quae
722 2442 730 2456 ‚
750 2421 794 2451 vel
807 2430 874 2457 acu,

227 2463 273 2494 vel
284 2464 405 2507 pectine
421 2465 561 2507 pluribus
581 2467 702 2498 intextae
712 2463 804 2498 essent
823 2475 875 2497 co-

1447 313 1590 344 aUl‘CaS

938 367 1066 401 loribus.
1090 373 1216 403 colorium
1232 383 1346 406 veteres
1367 374 1399 405 in
1416 385 1455 406 eo
1475 373 1588 418 fignifi-

939 422 1007 444 catu
1040 413 1184 457 usurpasse
1205 442 1213 455 ‚
1245 420 1365 451 nullum
1385 419 1512 452 dubium
1531 420 1587 453 est.

940 459 1148 507 Hieronymus
1160 462 1257 493 modo
1268 465 1452 506 polymitam
1464 488 1471 501 ,
1487 465 1588 498 modo

939 512 1052 551 variam
1063 507 1193 546 appellat
1204 508 1289 540 illam
1305 508 1428 552 josephi
1438 512 1587 543 tunicamz

939 557 971 578 in
1004 549 1167 591 paraphrasi
1196 549 1379 592 Jonathanis
1404 557 1585 589 nominatur

933 592 1080 635 paragoda.
1104 595 1239 638 magoda
1250 597 1336 629 vestis
1347 600 1502 633 dicebatur
1512 611 1587 643 pan-

938 637 985 668 nis
1008 640 1040 670 ὅ(
1071 639 1181 672 institis
1210 641 1440 677 versicoloribus
1463 656 1585 687 praetex-

937 691 976 712 ta.
1002 680 1040 714 fic
1051 687 1129 715 varia
1140 684 1226 717 vestis
1238 709 1247 723 ‚
1271 688 1302 718 ὃ(
1316 690 1450 731 polymita
1464 692 1496 723 ὃς
1503 701 1586 734 para-

931 726 1014 770 goda‚
1027 730 1058 761 &
1069 732 1171 762 colaria
1180 732 1285 763 eadem
1296 744 1304 763 ε
1316 743 1409 776 eaque
1418 735 1459 766 est
1471 759 1480 773 ,
1491 747 1585 779 quam

938 779 1033 809 Graeci
1055 770 1213 808 mambra
1240 790 1361 813 vocant.
1384 780 1424 812 fic
1445 779 1584 827 πεζοφό-

935 822 1005 864 ρῶν
1027 823 1124 869 χιπιὶν
1161 830 1274 861 Graecis
1300 831 1403 863 tunica
1421 831 1483 870 est,
1517 845 1582 877 qua:

936 869 1031 917 πῑζοις
1042 899 1051 913 ,
1067 877 1126 909 hoc
1135 877 1176 909 est
1187 888 1306 920 pannos
1318 900 1330 916 ‚
1354 879 1517 913 &institas
1530 892 1581 923 per

933 930 1099 954 extremam
1111 933 1197 954 oram
1210 922 1343 955 subsutas
1356 924 1456 962 habet,
1476 927 1507 958 ὅς
1518 937 1583 970 quae

933 965 969 997 ad
983 968 1062 999 talos
1076 966 1168 1011 usque
1178 966 1302 1000 demissa
1316 969 1367 1001 est.
1401 971 1476 1003 tales
1499 981 1584 1005 erant

936 1015 1149 1045 Romanarum
1164 1023 1374 1046 matronarum
1387 1017 1498 1048 tunicae
1509 1039 1518 1053 ,
1537 1026 1583 1049 ta-

933 1057 1008 1088 lares
1023 1056 1148 1095 scilicet,
1160 1061 1191 1090 &
1204 1059 1314 1091 institis
1326 1069 1451 1092 ornatae.
1472 1065 1580 1095 Horat.

960 1104 1208 1146 Qarumfhbfitta
1220 1108 1285 1135 talos
1297 1105 1393 1147 instita
1405 1105 1484 1148 veste.

936 1150 975 1178 At
990 1146 1202 1180 libertinarum
1214 1150 1307 1181 vestes
1321 1173 1330 1186 ‚
1353 1153 1385 1183 &
1396 1162 1501 1183 earum
1516 1162 1580 1195 quae

931 1201 1061 1234 corpore
1071 1193 1213 1235 quaestum
1223 1193 1376 1227 faciebant
1389 1219 1397 1232 ,
1422 1207 1478 1228 nec
1497 1196 1583 1229 insti-

933 1246 976 1268 tas
988 1237 1138 1270 habebant
1152 1250 1202 1281 per
1224 1240 1387 1273 circuitum
1408 1242 1557 1273 extimum
1568 1263 1579 1279 ,

932 1293 987 1313 nec
1015 1285 1122 1315 talares
1148 1293 1246 1317 erant.
1289 1283 1326 1315 sse
1346 1286 1424 1327 apud
1455 1290 1579 1319 Graecos

933 1321 1076 1371 mlbpfflq
1093 1328 1185 1371 ςυλοο)
1200 1355 1206 1363 ,
1231 1335 1340 1366 talares
1358 1334 1451 1366 vestes
1472 1334 1580 1368 limbis

932 1376 1027 1409 ferme
1055 1379 1087 1409 &
1108 1377 1219 1410 institis
1250 1379 1287 1410 ad
1306 1380 1405 1411 imum
1425 1389 1511 1412 erant
1528 1391 1583 1412 or-

933 1431 1016 1453 natae.
1040 1423 1120 1455 iuter
1129 1425 1256 1454 colorium
1267 1435 1360 1465 porro
1371 1447 1380 1461 ,
1401 1427 1432 1456 δε
1444 1424 1583 1465 verficolo-

931 1468 1004 1498 rium
1023 1490 1032 1504 ,
1061 1468 1119 1500 hoc
1149 1477 1224 1510 puto
1244 1468 1429 1507 discrimen,
1455 1471 1581 1513 proprie

930 1513 1090 1555 loquendo
1100 1536 1108 1550 ‚
1121 1513 1208 1545 statui
1218 1513 1319 1555 posse3
1332 1513 1496 1547 versicolor
1505 1526 1579 1557 pro-

932 1558 994 1599 prie
1014 1557 1148 1595 dicitur,
1176 1559 1260 1601 quod
1283 1561 1424 1591 colorem
1451 1559 1582 1593 subinde

933 1612 1031 1634 mutar
1051 1625 1061 1639 ,
1090 1605 1122 1636 ὃς
1146 1605 1212 1635 alio
1232 1603 1331 1636 modo
1353 1604 1485 1648 refulget
1505 1616 1577 1639 cuin

929 1645 1093 1689 ῑὶΓρίεἰῐιπἆ
1117 1649 1180 1680 alio
1198 1659 1267 1680 cum
1287 1647 1442 1692 suspicitur
1455 1673 1465 1687 ‚
1486 1660 1578 1694 atque

929 1694 1022 1724 etiam
1032 1695 1095 1725 alio
1106 1704 1176 1726 curn
1190 1692 1351 1736 despicitur
1364 1717 1372 1731 ‚
1396 1696 1428 1727 ὅ(
1454 1696 1576 1728 colores

928 1738 1066 1769 alternat.
1090 1739 1163 1770 talia
1176 1737 1243 1771 sunt
1254 1740 1335 1771 colla
1347 1740 1575 1773 columbarum.

926 1792 957 1813 at
974 1785 1076 1814 coloriae
1105 1783 1281 1826 [impliciter
1300 1785 1443 1817 dicuntur
1465 1807 1476 1823 ‚
1510 1797 1576 1830 qux

925 1829 1014 1860 variis
1026 1828 1182 1861 coloribus
1194 1830 1279 1872 pistae
1293 1828 1359 1862 sunt
1373 1852 1384 1868 ,
1403 1840 1454 1863 aut
1470 1831 1508 1863 de
1526 1843 1574 1864 va-

926 1873 1076 1906 riantibus
1101 1875 1180 1906 liciis
1205 1876 1237 1906 in
1261 1874 1371 1917 figuras
1390 1877 1571 1909 animalium

924 1917 1079 1961 effigiatae,
1108 1929 1158 1952 aut
1179 1920 1299 1952 diversis
1319 1921 1409 1953 clavis
1431 1923 1573 1958 inremae,

925 1974 976 1996 aut
990 1964 1094 1996 limbis
1106 1965 1264 2007 picturatis
1275 1975 1427 2008 praetextae.
1454 1968 1573 2007 Salmafi

964 2020 992 2041 z.
1017 2014 1049 2040 Et
1059 2019 1091 2041 ut
1102 2012 1217 2041 multum
1227 2010 1491 2053 oxypaederotinas.]
1505 2015 1570 2043 No-

923 2054 944 2085 li
956 2054 1021 2086 heic
1031 2056 1165 2097 accipere
1176 2078 1185 2092 ‚
1205 2064 1235 2086 ut
1259 2058 1377 2087 multum
1389 2078 1398 2093 ,
1417 2055 1456 2091 ῶς
1471 2055 1522 2089 ἐπὶ
1535 2054 1570 2089 w*

924 2100 1021 2134 πολύ.
1049 2104 1128 2147 quasi
1139 2105 1329 2148 frequentius
1340 2115 1502 2141 matronae,
1533 2106 1567 2137 ὃς

920 2149 1071 2191 vulgarius
1104 2150 1361 2193 oxypaedetotinas
1400 2149 1547 2193 gestarent
1560 2171 1571 2187 ,

920 2204 1012 2235 quam
1022 2196 1172 2227 coloreas.
1198 2205 1304 2227 contra
1315 2196 1399 2226 enim
1412 2195 1472 2232 est,
1497 2195 1567 2238 qui-

921 2237 977 2270 bus
1007 2240 1173 2282 plurimum
1191 2238 1364 2282 permiffum
1384 2240 1499 2277 fuerit,
1518 2240 1568 2272 fa-

920 2285 1066 2316 cultatem
1092 2286 1134 2317 eis
1155 2285 1411 2327 oxypaederotinas
1435 2285 1568 2318 habendi

919 2330 1021 2361 datam
1033 2331 1104 2361 vult.
1118 2329 1177 2360 hoc
1190 2331 1272 2361 enim
1284 2328 1415 2372 defignat
1427 2353 1437 2367 ,
1454 2340 1484 2361 ut
1496 2333 1566 2361 mul-

918 2384 999 2412 tum,
1020 2375 1051 2406 id
1063 2374 1104 2406 est
1114 2374 1151 2405 ad
1162 2372 1325 2406 summum.
1351 2374 1410 2412 (ic,
1430 2385 1460 2406 ut
1482 2376 1566 2407 mmi-

917 2432 992 2451 mum
1003 2441 1011 2456 ,
1023 2429 1079 2461 pro
1090 2419 1126 2451 ad
1140 2419 1307 2451 minimum
1320 2421 1456 2452 Martiali
1470 2432 1478 2452 :

938 2470 975 2499 Ut
986 2466 1132 2497 minimum
1142 2487 1151 2502 ,
1161 2466 1248 2498 libras
1263 2464 1339 2498 debet
1352 2465 1446 2500 habere
1458 2466 1540 2497 duas.

1412 2509 1554 2545 Habuiffe
