1664 2891
321 99 560 145 Durus

631 96 1155 143 AURELIANUS.

1316 94 1413 162 895

64 180 187 215 tetur
201 165 386 232 populus
400 162 452 234 ad
465 158 672 232 favorem.
722 157 991 230 Displicebat
1005 160 1044 204 ei
1059 178 1191 233 quum
1203 159 1306 209 effet
1322 165 1410 211 Ro-
1428 182 1494 235 49

69 252 150 280 mae
168 267 182 288 ,
211 232 400 278 habitare
415 243 460 271 in
477 225 641 271 Palatio
653 257 667 278 ‚
689 240 737 270 ac
752 241 889 286 magis
905 223 1098 286 placebat
1111 243 1157 272 111
1172 228 1306 275 hortis
1319 229 1412 276 Sal-

69 300 183 347 lustii
193 299 263 345 vel
273 298 318 342 in
333 292 542 340 Domitia:
557 292 600 337 vi
608 307 722 337 vere.

68 433 147 465 viret
165 424 339 469 esselapsos.
366 424 407 457 est
418 425 511 468 igitur
521 422 645 468 proprie
656 434 723 457 ora-

68 479 150 510 rium
170 478 299 507 linteum
322 471 370 503 ori
398 470 546 513 tergendo
571 480 716 514 paratum.

69 523 142 555 ideo
154 517 333 553 Prudentius
341 518 437 560 pignus
449 517 503 548 oris
514 527 613 549 vocat.
628 515 723 548 Reffe

68 567 166 601 oraria
187 566 219 596 δε
239 563 347 595 mittra
356 573 410 593 ceu
419 572 510 594 voces
521 560 654 601 ejusdem
666 571 722 592 no-

70 611 166 645 tionis
185 619 238 640 aut
258 619 323 639 non
345 608 480 639 multum
499 605 617 639 diversae
636 604 719 639 usur*

69 664 191 700 paritur.
212 650 307 697 de
319 662 419 685 autem
430 654 531 684 oraria
541 652 578 684 ad
590 651 722 684 modum

69 700 232 736 fasciarum
256 698 445 742 longiuscula
456 697 572 730 fuerint
585 720 594 734 ‚
614 696 724 739 proba-

68 757 140 780 mus
162 743 326 785 Augustini
343 743 526 776 testimonio
543 746 588 775 De
601 744 725 775 civitate

71 793 132 824 Dei
143 791 198 823 lib.
212 803 303 821 xxxi.
316 799 379 831 cap.
394 788 529 820 v111.est
542 791 573 821 ὃς
587 789 722 820 orarium

69 838 168 873 {imile
188 838 263 882 quid
278 833 449 873 τελαμῶνι
468 846 475 868 ;
499 847 593 889 Ἥρω
613 847 722 869 vocem

73 892 126 921 Gt.
148 890 388 930 interpretantur
405 879 540 928 λιὲἷε9νῆ
557 883 725 922 wamiam.

68 936 152 966 Turn
173 943 259 965 erant
279 933 395 969 oraria,
417 942 482 963 non
505 929 605 962 solum
619 932 724 973 longa,

55 977 179 1012 'verbm
198 979 292 1010 etiam
311 979 379 1010 lata.
415 974 548 1018 Optime
568 971 724 1017 veroquid

69 1023 106 1057 fit
115 1025 252 1056 orarium
263 1046 273 1061 ,
291 1022 446 1055 declarant
457 1018 643 1053 ecclesiastici
656 1018 722 1052 scri-

67 1079 194 1112 ptores,
215 1069 268 1113 qui
288 1068 320 1100 in
339 1066 446 1099 habitu
465 1064 723 1097 sacerdotaliora-

69 1115 151 1148 rium
168 1115 357 1158 appellarunt
375 1122 512 1155 pannum
535 1109 725 1154 oblongum,

69 1159 196 1192 brachio
206 1153 371 1191 lhce'rdotis
384 1156 511 1189 solitum
525 1157 659 1198 imponi.
686 1159 723 1187 In

72 1206 188 1238 Graecis
209 1204 341 1247 liturgiis
360 1201 430 1245 saepe
439 1202 572 1243 fithuJus
583 1202 722 1233 mentio:

71 1252 105 1283 &
124 1259 236 1283 vocant
256 1249 352 1282 Graeci
362 1248 450 1280 istam
461 1248 637 1279 manualem
649 1248 721 1279 laci-

68 1300 154 1332 niam
166 1322 176 1336 ,
197 1296 295 1331 modo
309 1294 451 1340 ὦρρόϋον
465 1316 474 1330 ,
490 1297 591 1328 modo
604 1291 721 1337 λῶρρν,

68 1345 219 1377 Oratium
238 1345 331 1376 etiarn
349 1343 547 1385 appellaveris
567 1339 638 1383 apte
653 1340 723 1374 seri-

69 1400 154 1422 ceam
168 1389 306 1421 institam
317 1412 326 1426 ‚
348 1399 439 1431 quam
451 1388 536 1419 collo
547 1387 723 1429 appendunt

67 1436 102 1467 in
115 1435 226 1467 Galliis
238 1434 449 1477 magistratus,
470 1435 500 1464 ὅ(
520 1433 573 1464 alii
593 1433 648 1475 qui
668 1433 723 1464 do-

69 1481 171 1513 istores
193 1480 316 1512 fuerunt
344 1479 530 1510 renunciati.
570 1478 657 1510 Olim
686 1478 723 1510 ad

68 1524 157 1558 usum
188 1524 310 1563 tantum
341 1523 505 1556 munditiei
532 1522 722 1566 gestabatur:

67 1569 119 1603 sed
132 1572 316 1603 Aurelianus
328 1593 337 1606 ,
353 1579 387 1601 ut
402 1569 493 1601 docet
504 1568 554 1601 hic
564 1567 724 1610 Vopiscus,

67 1620 187 1648 novum
200 1618 231 1648 δε
243 1616 325 1657 ptius
336 1615 533 1657 incognitum
548 1616 723 1647 oratiorum

67 1660 159 1694 usum
169 1661 312 1693 instituit.
337 1660 424 1692 dedit
435 1661 518 1692 enim
529 1662 647 1702 populo
657 1670 724 1692 ora-

67 1708 132 1744 ria,
162 1706 273 1749 quibus
297 1707 350 1737 ille
369 1715 502 1737 ureretur
520 1705 557 1737 ad
575 1705 723 1739 favorem.

68 1753 279 1785 Theatrorum
293 1752 420 1783 acCirci
436 1750 525 1783 vei-ba
543 1748 613 1783 sunt
621 1753 723 1791 favere

69 1799 104 1830 &
118 1800 224 1840 favor,
249 1808 312 1840 quae
334 1807 398 1828 non
418 1794 586 1839 fignificant
597 1798 722 1829 tacitam

68 1842 322 1876 benevolentiam
336 1865 344 1877 ,
365 1839 414 1874 sed
425 1852 490 1885 quae
499 1852 573 1873 voce
581 1841 724 1886 gestuque

65 1889 296 1931 exprimeretur.
321 1887 489 1919 Enimvero
497 1887 598 1919 favere
607 1889 723 1925 orario,

68 1935 116 1966 vel
136 1934 183 1966 uri
202 1936 238 1965 ad
256 1933 396 1965 favorem
407 1934 530 1969 orario,
553 1932 630 1964 nihil
639 1933 722 1965 aliud

65 1979 109 2011 est
129 1979 182 2012 nili
193 1980 305 2020 jastato
316 1978 420 2010 orario
430 1979 501 2010 dare
509 1976 627 2020 fignum
635 1978 723 2010 favo-

66 2026 123 2057 ris.
146 2035 218 2057 ante
239 2025 440 2057 Aurelianum
461 2034 534 2067 toga
551 2023 609 2055 hoc
619 2023 710 2056 fiebat

65 2070 199 2103 Ovidius
220 2070 303 2103 libro
313 2070 407 2102 tertio
432 2073 586 2101 Amorum
606 2069 723 2101 univer-

70 2113 137 2147 sum
167 2115 290 2148 favendi
315 2126 436 2147 motem
455 2113 661 2157 pulcherrime
677 2126 724 2147 ex-

71 2160 174 2203 pteffit
185 2161 233 2194 his
243 2159 388 2194 verfibus:

103 2216 238 2246 Maxima
253 2219 315 2258 jam
333 2227 418 2246 vacuo
449 2219 555 2247 Praetor
573 2214 724 2258 speHacula

222 2273 290 2292 cerco

131 2305 322 2350 ‚Quadrijuges
332 2319 405 2350 aequo
416 2317 519 2338 carcere
530 2306 605 2347 misit
614 2318 701 2350 equos.

104 2352 276 2392 Cuifaveas
286 2351 364 2382 video
375 2366 385 2383 .-
407 2354 498 2384 vincet
516 2354 664 2396 cuicunque
676 2354 727 2394 fa-

226 2396 302 2428 vebis
314 2410 324 2427 :
346 2406 411 2432 wc.

104 2441 238 2476 favimus
247 2443 346 2485 ignavo
357 2455 367 2475 .·
383 2442 437 2488 fici
445 2454 503 2476 eam
511 2443 634 2478 revocate
646 2444 733 2488 Qi-·

228 2496 299 2523 3¹15&
312 2499 323 2521 .·

762 294 772 313 ¹
788 287 1086 337 Miliarensem
1110 292 1416 368 denique-por.

1279 375 1417 409 thllm

819 426 855 455 Et
874 421 938 455 date
954 422 1072 466 jaHatis
1093 422 1216 468 undique
1219 422 1299 467 figna
1309 428 1394 470 togis.

915 476 981 503 &a

767 514 887 547 Deinde
923 523 1066 557 ceperunt
1100 514 1175 546 loco
1208 522 1287 558 tog-'e
1319 518 1418 550 oraria

764 560 875 601 jaetan.
911 560 987 591 Inde
995 558 1199 603 quifavebant
1210 583 1219 597 ‚
1234 563 1362 593 orariam
1372 562 1419 594 di-

765 606 806 637 sti
819 628 828 642 ,
851 607 883 637 δε
906 605 1065 637 conrrasta
1082 616 1156 637 voce
1175 606 1335 648 euphoniae
1354 617 1420 649 gra-

765 652 808 682 tia
820 673 829 687 ‚
846 660 937 694 atque
954 663 967 680 o
990 652 1023 682 in
1034 664 1067 680 au
1079 650 1306 693 diphthongum
1318 661 1420 684 muta-

764 705 800 727 to
812 718 820 732 ,
849 696 967 727 aurarii.
1015 695 1290 738 Qemadmodum
1315 707 1420 729 aurem

765 740 810 772 isti
824 741 856 772 in
865 741 946 773 ludis
956 739 1070 773 favoris
1081 739 1197 783 signum
1209 743 1316 773 orariis
1328 742 1421 774 dede·

766 795 859 818 runt:
885 784 925 817 fic
943 786 1023 818 alios
1043 787 1209 824 jaeratione
1229 785 1417 820 sudariidare

765 830 881 875 lignum
895 829 1006 863 solitos
1022 829 1258 864 observavimus.
1281 832 1371 863 Idem.

806 877 951 919 lpfhmque
973 878 1094 920 primum
1115 877 1223 918 donasse
1246 879 1338 909 oraria
1354 888 1415 922 pop.

768 926 845 959 Rom.
859 922 952 964 quibus
964 932 1086 953 uteretur
1096 921 1293 963 adfavorcm]
1317 926 1417 955 Orariae

766 967 839 1009 quid
861 965 953 998 effent
963 967 1070 999 docuit
1083 978 1140 999 nos
1153 967 1190 999 ad
1210 968 1289 1001 hunc
1308 969 1416 1003 locum

765 1010 976 1043 Casaubonus.
997 1022 1054 1055 ego
1075 1012 1156 1044 unde
1176 1012 1258 1045 dista
1273 1011 1350 1050 fint,
1370 1014 1419 1046 di-

764 1066 843 1087 cam.
868 1057 1000 1088 Orarium
1018 1056 1061 1089 est
1079 1059 1125 1089 vel
1137 1056 1347 1101 segmentum,
1369 1060 1417 1093 vel

764 1103 869 1133 lorum
886 1102 972 1145 quod
991 1103 1028 1134 ad
1041 1113 1129 1134 oram
1149 1103 1235 1135 vestis
1255 1103 1392 1137 adsuitur
1405 1127 1417 1143 ,

765 1156 854 1190 atque
866 1148 938 1179 inde
948 1148 1052 1180 orario
1063 1159 1191 1180 nomen.
1221 1154 1306 1180 oyem
1325 1149 1417 1183 vestis

764 1197 863 1228 Graeci
875 1191 978 1240 πέζοω
994 1207 1116 1230 vocant·
1142 1197 1221 1229 unde
1235 1191 1417 1241 πεξοφαρθε

761 1241 894 1288 χιπῗινες
913 1243 1067 1288 ffischylo.
1098 1243 1223 1278 fasciam
1244 1257 1348 1280 autem
1367 1246 1416 1280 vel

763 1301 876 1323 zonam
892 1314 900 1328 ,
936 1301 1002 1334 qua:
1039 1291 1251 1333 adponebatur
1272 1314 1282 1329 ‚
1324 1304 1419 1326 orna-

765 1337 862 1368 menti
874 1338 980 1379 gratia,
991 1335 1028 1367 ad
1038 1336 1124 1368 illam
1134 1347 1301 1370 extremam
1314 1350 1415 1375 oram,

764 1377 901 1428 πῑζιῶαν
932 1386 1029 1418 Graeci
1057 1396 1273 1429 nuncuparunt
1292 1410 1304 1426 ,
1330 1388 1417 1432 quod

764 1430 800 1462 ad
813 1430 939 1464 verbum
956 1430 998 1463 est
1018 1434 1148 1464 orarium«
1177 1441 1209 1464 ut
1228 1442 1332 1465 autem
1349 1444 1420 1466 ora-

764 1476 843 1509 rium
860 1500 868 1514 ,
892 1487 948 1519 pro
969 1478 1073 1520 quavis
1085 1487 1166 1508 zona
1176 1479 1223 1509 vel
1234 1479 1305 1510 loro
1314 1479 1418 1521 postea

764 1519 940 1565 usurpatum
951 1522 992 1554 est
1003 1523 1120 1554 Latinis
1135 1544 1145 1558 ,
1162 1521 1200 1554 fic
1213 1525 1326 1555 Graecis
1336 1535 1417 1568 quo-

763 1582 823 1613 que
842 1561 979 1613 π-εζιῶον
998 1580 1055 1614 pro
1076 1570 1212 1615 qualibet
1229 1571 1318 1605 fascia
1330 1596 1340 1610 ,
1359 1584 1417 1616 po-

764 1617 853 1649 {itum
867 1616 917 1648 est.
940 1627 1011 1649 cave
1028 1627 1114 1659 putes
1132 1619 1256 1649 amarias
1276 1618 1416 1652 fautores

763 1662 865 1694 distos
874 1662 985 1694 abistis
1002 1663 1134 1700 orariis;
1151 1664 1259 1695 aurarii
1272 1664 1356 1701 enim
1375 1664 1414 1697 ab

763 1720 830 1738 aura
842 1708 917 1740 disti
929 1731 937 1745 ,
956 1718 1021 1751 quae
1040 1717 1166 1740 ventum
1180 1707 1334 1741 faventem
1350 1732 1359 1747 ,
1380 1712 1415 1743 δε

762 1752 901 1786 favorem
912 1753 1067 1797 significat.
1094 1754 1165 1785 hinc
1182 1766 1250 1785 aura
1264 1756 1416 1797 papulam,

762 1799 842 1841 apud
854 1800 985 1831 Livium.
1018 1798 1037 1830 fi
1054 1800 1123 1842 quis
1140 1809 1243 1831 autem
1260 1801 1415 1839 orarium,

764 1855 828 1875 non
848 1843 886 1876 ab
903 1855 957 1876 ora
975 1843 1063 1876 vestis
1076 1868 1085 1882 ‚
1115 1842 1164 1876 sed
1181 1844 1219 1877 ab
1237 1855 1291 1877 ore
1307 1847 1415 1888 potius

762 1889 880 1921 distum
890 1889 1039 1922 existimet
1051 1913 1061 1927 ,
1081 1898 1114 1922 ut
1124 1888 1159 1921 fir
1173 1891 1336 1930 ωξρπάπε
1350 1888 1415 1924 ὠκ-

762 1934 906 1977 ρῳιγέῐον
922 1959 932 1974 ,
968 1939 1027 1972 hoc
1046 1939 1088 1972 est
1107 1937 1257 1972 sudarium
1269 1962 1279 1976 ,
1306 1951 1417 1984 quem-

761 1984 932 2016 admodum
952 1985 1192 2027 interpretantur
1212 1986 1327 2023 Graeci,
1348 1995 1415 2019 non

764 2028 951 2073 repugnabo.
966 2030 1115 2073 sicdarium
1126 2040 1230 2062 autem
1240 2032 1273 2063 &
1292 2032 1414 2063 orarium

762 2076 824 2107 fere
837 2075 919 2106 idem
931 2097 941 2112 ,
963 2077 994 2107 &
1011 2076 1047 2108 ad
1067 2076 1211 2109 eumdem
1225 2074 1333 2108 usum:
1353 2077 1416 2108 lin-

764 2130 848 2153 teum
859 2119 974 2153 scilicet
984 2120 1020 2153 ad
1030 2123 1097 2154 oris
1107 2120 1248 2154 sudorem
1259 2121 1420 2166 deterget:⁴²

766 2166 851 2199 dum.
878 2166 995 2207 Salmas.

811 2223 838 2244 r„
855 2213 1042 2255 Miliarenfim
1050 2211 1168 2256 denique
1173 2213 1308 2255 porticum
1317 2214 1346 2244 in
1355 2212 1418 2245 hor-

766 2257 805 2289 tis
825 2255 948 2300 Sallustii
964 2259 1107 2298 ommia]
1132 2257 1342 2291 Miliarensem
1359 2268 1417 2291 vo-

770 2312 924 2346 cat,quam
936 2304 1101 2335 Suetonius
1114 2305 1239 2335 Nerone
1248 2315 1415 2346 cap.xxxr.

769 2349 973 2380 millenariam
1008 2349 1144 2381 Aberant
1164 2348 1194 2381 hi
1213 2347 1419 2383 hornarum*

770 2394 817 2426 tio
827 2392 1029 2437 longiuscule.
1051 2399 1073 2427 C
1075 2393 1166 2436 afimb.

814 2441 1006 2482 Miliarenfhm
1016 2439 1130 2483 denique
1137 2441 1301 2483 porticum]
1315 2441 1424 2474 Milia«

770 2483 885 2528 xeniis,
906 2484 949 2521 est
962 2486 1157 2529 millenaria,
1173 2484 1192 2523 ἒ
1211 2485 1425 2568 ωἰίῑεηίςιζεί·

1367 2539 1428 2567 icet
