1664 2891
218 18 280 100 38
539 37 733 84 AEL11

804 34 1247 81 SPARTIAnr

216 116 322 165 esset
335 116 532 164 secundae
554 116 779 164 sententiae
792 150 806 172 ‚
826 115 845 135 *
858 134 948 163 non
971 117 1139 181 petenti
1152 133 1200 164 ac
1214 115 1301 165 fine
1315 117 1566 182 precatione

218 261 273 283 cns
287 273 295 288 ,
305 259 374 282 aetas
388 273 397 287 ,
417 252 449 282 St
461 247 546 294 quod
557 273 567 288 ‚
586 259 620 282 ut
631 249 807 292 Spartianus
817 247 872 284 ait,

217 296 268 328 bis
279 295 532 327 anteAdrianum
552 294 659 327 consul
668 292 780 325 fuisset.
812 294 874 325 Pri-

220 352 277 374 mae
295 350 347 372 aut
357 338 493 372 secundae
503 339 657 372 sententiae
666 338 723 371 effe
731 337 873 370 diceban-

219 396 269 418 tur
278 387 401 428 proprie
412 384 564 417 senatores
577 408 587 422 ,
607 395 673 416 non
683 393 788 416 autem
798 394 873 414 con-

218 430 310 463 sures.
335 430 448 462 horum
456 441 519 462 erat
529 431 658 467 relatio3
670 430 799 461 illorum
810 427 875 460 sen-

218 477 325 507 tentiae
343 475 451 508 distin.
485 476 579 508 Primi
602 473 767 506 sententias
786 485 875 517 roga-

219 520 335 553 bantur
355 533 454 552 coss.
476 519 637 563 defignati:
657 529 709 552 aut
729 519 748 551 fi
763 520 785 551 ii
797 520 876 551 nulli

218 564 335 602 essent,
357 566 498 608 princeps
520 564 651 598 senatus.
681 576 774 609 quare
780 567 877 608 primae

213 612 362 654 fintentiae
371 612 483 652 finator
495 629 503 646 9
524 612 556 642 ὃς
563 612 799 654 princepsftnatus
810 619 877 642 tan-

222 655 353 687 tundem
362 657 475 688 valent.
489 655 660 688 Trebellius
673 657 777 688 Pollio
787 656 819 687 in
830 656 880 687 Pi-

221 699 299 732 sone
307 710 441 743 tyranno
453 716 461 739 ;
476 703 615 734 Aurelius
626 703 727 744 Fufius
736 702 880 743 confidaris

219 748 318 790 primae
335 748 493 786 finiende,
513 749 562 789 qui
582 749 611 777 in
632 749 717 778 locum
735 747 880 779 Valeriani

214 791 390 834 fhccfffi’rat.
426 792 621 824 Valerianum
633 802 736 824 autem
753 792 879 833 Capito-

224 838 309 868 linus
326 837 358 868 in
380 837 548 869 Gordianis
569 847 659 869 vocat
675 838 824 879 principem
834 837 881 877 se-

225 892 321 913 natus.
344 881 517 914 Trebellius
530 905 539 919 ,
548 882 883 925 clarisi'imumprincipcm

226 928 370 960 civitatis.
395 926 524 959 Casaub.

277 981 324 1008 Ne
349 975 411 1019 (ffel
435 976 564 1020 secundae
583 979 736 1019 fitzsentiae.
750 978 764 1019 ]
813 981 884 1009 Haec

226 1020 319 1053 verba
329 1043 339 1057 ,
358 1033 389 1051 ne
422 1022 673 1064 ectmciaefhm'cntiae
683 1023 745 1065 fft
756 1045 765 1060 ‚
783 1033 835 1054 ant
846 1023 883 1054 de

228 1067 389 1102 Serviano,
402 1076 452 1098 aut
466 1067 503 1097 de
514 1068 668 1100 Hadriano
680 1069 796 1100 dietum
807 1069 886 1099 acci-

225 1112 361 1154 piamus.
386 1112 568 1144 utrumlibet
586 1123 687 1145 autem
708 1114 882 1156 exponendi

227 1157 362 1188 modum
375 1158 582 1199 amplectaris,
591 1158 684 1191 falsus
696 1161 728 1191 ἅ
738 1158 882 1191 absurdus

228 1201 393 1243 apparebit·
417 1203 449 1233 in
468 1204 571 1235 vicino
592 1204 782 1236 remedium:
807 1203 883 1235 nihil

229 1248 316 1278 enim
333 1248 458 1289 propius
469 1248 510 1280 est
520 1271 528 1285 ‚
549 1260 641 1292 quam
653 1249 714 1281 liaec
722 1249 811 1281 verba
820 1249 883 1280 falfi

230 1302 356 1334 arguere
376 1294 408 1323 ἃ
427 1304 610 1336 expungere,
633 1306 696 1337 quae
708 1294 819 1326 sciolus
831 1295 885 1326 ali-

231 1338 300 1379 quis
313 1337 345 1367 'in
357 1337 437 1369 hunc
446 1340 553 1371 locum
566 1339 683 1371 infulsit
694 1362 704 1377 ,
726 1341 778 1383 qui
788 1341 885 1371 ratio-

229 1392 305 1413 nem
319 1381 384 1414 hele
393 1382 551 1415 defiderari
561 1385 685 1427 putabat
694 1408 703 1421 ,
726 1396 818 1429 quare
829 1389 886 1416 Ha-

230 1426 355 1458 drianus
377 1438 443 1459 non
463 1427 563 1461 secum
581 1431 707 1462 tertium
734 1428 887 1462 Consula-

231 1481 302 1504 tum
322 1474 468 1504 Serviano
479 1473 653 1512 detuliss'et3
673 1477 704 1507 δι
716 1486 782 1507 eam
793 1486 885 1519 quam

230 1518 365 1549 maxime
383 1518 576 1551 verisimilem
597 1520 783 1562 reperiebat,
803 1521 840 1552 ad
849 1532 884 1552 0-

231 1573 299 1594 ram
314 1563 445 1594 Codicis
456 1564 636 1606 adposuerat
647 1589 655 1602 ,
666 1577 729 1608 qua:
742 1566 844 1608 postea
854 1566 886 1597 in

231 1616 412 1640 contextum
423 1608 548 1641 admiffa
557 1610 608 1641 est.
639 1612 686 1642 Sic
697 1612 789 1653 igitur
800 1620 886 1643 totus

231 1652 284 1684 hic
302 1653 390 1684 locus
409 1655 556 1696 legendus
569 1678 578 1692 ,
605 1657 637 1687 &
655 1655 887 1688 constituendus

231 1698 337 1736 eieffis
358 1697 520 1732 inserticiis
539 1701 602 1732 illis
615 1700 734 1733 verbis:
756 1704 888 1733 Serviano
907 1716 909 1736 λ

224 1743 331 1785 furoris
351 1745 411 1775 viro
421 1766 431 1780 ,
452 1746 496 1775 cui
505 1755 615 1776 tantum
625 1746 725 1777 detulit
736 1768 748 1784 ,
760 1756 791 1778 ut
803 1748 827 1777 ei
839 1758 887 1777 ve·
907 1741 909 1754 ³

233 1789 322 1819 ‘aienti
334 1787 367 1819 de
384 1789 502 1820 cubiculo
514 1792 621 1834 simper
635 1793 801 1829 occurrerit,
835 1801 889 1822 ην·
908 1812 910 1818 η

232 1834 309 1864 tium
321 1835 501 1876 Confitlatum
513 1858 522 1872 ‚
544 1848 589 1867 nec
597 1838 810 1878 ficumtamen,
830 1849 891 1868 cum

233 1876 282 1908 ide
291 1878 335 1909 bis
345 1887 406 1910 ante
418 1879 598 1912 Hadrianum
601 1881 715 1923 fuzffit,
725 1895 776 1912 non
784 1884 892 1925 petenti
909 1896 911 1899 ’

234 1934 267 1954 ac
285 1922 345 1963 fine
367 1926 516 1967 precatione
539 1929 676 1969 concessit.
716 1928 890 1969 Spartianus
910 1945 911 1953 κ

233 1969 330 2010 paulo
342 1978 412 2001 ante
423 1993 432 2007 ,
455 1979 488 2002 ut
497 1971 685 2004 Hadrianum
700 1971 889 2004 senatoribus

234 2014 373 2046 multum
386 2013 501 2057 semper
510 2015 647 2049 detulisse
660 2039 669 2053 ,
683 2019 715 2049 &
726 2019 847 2049 civilem
859 2018 891 2049 in

234 2058 385 2091 omnibus
403 2061 574 2102 principem
590 2061 679 2105 egiss'e
705 2062 889 2100 ostenderet,

233 2101 352 2145 scripsit
368 2115 439 2136 eum
459 2107 552 2138 tertio
569 2106 723 2139 Consules
736 2110 889 2150 plu-timos

233 2147 350 2185 fecisse,
364 2160 434 2182 cum
446 2150 507 2193 ipse
518 2161 562 2183 ter
572 2151 673 2184 fuisset:
683 2164 689 2185 ς
708 2153 748 2186 fic
759 2164 890 2185 numero

237 2192 470 2228 Consulatuum
501 2198 601 2238 plures
633 2197 687 2229 fibi
723 2196 887 2241 exaequasse.

237 2238 384 2270 eumdem
396 2239 476 2272 hunc
484 2241 637 2274 honorem
648 2244 731 2274 tertii
743 2241 891 2275 Consula-

236 2292 287 2315 tus
311 2286 457 2317 Serviano
476 2297 540 2318 non
550 2287 778 2329 petentiacsme
787 2297 888 2330 preca-

237 2330 326 2361 tione
344 2330 516 2364 concefliss'e
531 2333 598 2365 heic
616 2333 702 2365 dicit.
732 2344 798 2365 non
811 2332 890 2365 illud

236 2372 339 2406 solum
359 2385 505 2419 magnum
517 2401 526 2414 ,
547 2378 632 2421 quod
643 2379 767 2411 tertium
778 2376 887 2410 consu-

237 2419 357 2461 latum,
373 2431 445 2458 nam
463 2424 572 2459 multis
593 2424 655 2461 hoc
673 2424 817 2469 dederat,
838 2421 888 2459 sed

1460 202 1566 232 COH-

912 248 996 292 quod
1016 260 1083 285 non,
1102 251 1232 293 petenti.
1264 251 1350 284 addit
1375 252 1568 294 Spartianus,

913 305 965 324 non
984 303 1074 325 tamen
1085 297 1189 336 secum.
1221 297 1308 340 quod
1320 298 1451 339 pertinet
1459 297 1497 328 ad
1507 302 1567 329 im-

914 339 1127 372 minutionem
1145 341 1277 374 honoris
1295 342 1343 374 isti
1363 343 1507 374 Serviano
1523 341 1565 374 ab

915 383 1099 425 imperatore
1115 387 1259 419 conceffi.
1302 398 1374 419 nam
1394 390 1512 426 majus,
1533 389 1567 419 δ(

918 430 1013 470 magis
1024 428 1232 464 honorificum
1245 431 1297 475 ipfi
1306 430 1407 465 fuisset
1418 455 1428 469 ,
1441 432 1460 464 fi
1470 433 1567 464 colle-

917 483 954 515 ga
964 473 1110 505 Hadriani
1123 476 1157 506 in
1165 476 1225 508 hoc
1236 479 1330 509 tertio
1341 476 1516 509 Consulatu
1524 477 1571 509 fa·

918 519 985 549 stus
995 516 1074 550 efflet.
1101 523 1261 553 Honorem
1279 524 1363 554 enim
1376 521 1568 554 Consulatus

917 562 998 595 istud
1016 575 1083 595 non
1101 575 1209 606 parum
1227 566 1355 609 augebat
1366 589 1376 604 ,
1393 578 1464 600 eum
1475 568 1570 610 magi-

919 608 1043 641 stratum
1055 620 1125 641 cum
1135 610 1272 653 principe
1281 622 1381 654 gerere
1391 635 1400 649 ‚
1414 614 1445 644 &
1457 613 1571 655 princi-

917 654 965 697 pis
976 655 1128 697 collegam
1140 654 1207 686 esse.
1230 665 1354 687 tantum
1367 667 1440 689 vero
1448 657 1528 689 abest
1537 667 1571 689 ut

920 700 1062 743 cuiquam
1085 700 1217 732 minime
1236 700 1445 734 honorificum
1467 703 1574 739 fuerit„

919 745 1068 787 collegam
1089 744 1215 777 caesaris
1241 747 1275 778 in
1302 745 1461 779 consulatu
1486 748 1550 780 fieri
1563 770 1574 785 ,

920 791 1007 832 quod
1024 790 1062 821 de
1072 792 1216 823 Serviano
1225 800 1371 834 putarunt
1382 791 1420 823 ad
1430 792 1513 823 hunc
1523 794 1573 831 lo·

922 846 992 866 cum
1011 835 1141 873 eruditi,
1161 838 1305 869 ucetiam
1323 837 1361 868 de
1377 836 1500 880 fastigio
1517 835 1574 869 suo

921 879 1100 913 descendere
1108 881 1346 924 quodammodo
1356 881 1573 915 existimaretur

923 927 1089 968 imperator
1104 949 1113 963 ‚
1138 929 1170 959 ὅς
1190 928 1224 958 in
1240 938 1361 971 aequum
1378 929 1482 960 venire
1502 939 1573 960 cum

924 971 1059 1012 privatis,
1075 972 1150 1003 dum
1160 982 1232 1004 eum
1242 973 1394 1005 honorem
1404 983 1467 1004 non
1478 971 1576 1009 solus,

924 1014 973 1047 sed
994 1027 1064 1048 cum
1084 1018 1183 1049 altero
1204 1027 1330 1061 gereret.
1364 1019 1529 1050 Suetonius
1541 1019 1577 1054 in,

924 1061 1074 1093 Otstavio:
1101 1063 1199 1105 Exegit
1214 1072 1328 1100 autem,
1350 1071 1382 1093 ut
1403 1065 1507 1105 quoties
1520 1062 1577 1102 fibi

922 1108 1074 1148 confidatm
1083 1107 1197 1138 daretur
1204 1130 1218 1147 ,
1238 1107 1315 1139 binas
1321 1106 1488 1151 profingulis
1499 1106 1579 1139 colle-

919 1164 971 1195 gas
993 1152 1100 1184 liaberet
1112 1166 1122 1184 ,·
1144 1164 1190 1184 nec
1208 1153 1328 1184 obtinuit
1340 1176 1350 1190 ,
1367 1153 1577 1184 reclamantibus

926 1197 1028 1228 cannis
1039 1220 1049 1235 ‚
1070 1198 1146 1240 finis
1164 1198 1331 1242 majestatem
1350 1202 1407 1241 ejus
1426 1200 1580 1235 imminui,

925 1241 996 1285 quod
1005 1242 1128 1274 lwnorem
1137 1256 1196 1273 eum
1208 1245 1337 1285 nonsblua
1349 1243 1415 1285 ‚fid
1425 1255 1484 1274 cum
1492 1245 1578 1274 altero

922 1298 1034 1331 gereret.
1073 1289 1153 1320 Hinc
1171 1288 1289 1321 fanum
1302 1311 1311 1325 ,
1331 1298 1364 1320 ut
1383 1299 1493 1320 omnes
1510 1288 1579 1330 post

930 1334 1163 1366 Diocletianum
1192 1334 1343 1376 principes
1371 1333 1452 1365 hunc
1475 1333 1579 1365 hono-

927 1389 991 1409 rem
1021 1379 1144 1420 privatis
1170 1379 1402 1411 communicare
1418 1378 1581 1417 deflerim,

927 1420 1064 1466 usquead
1078 1423 1239 1465 julianum
1252 1446 1261 1460 ‚
1283 1424 1335 1467 qui
1353 1433 1485 1455 veterem
1509 1435 1580 1456 mo-

928 1479 992 1500 rem
1006 1469 1153 1506 restituit,
1174 1471 1205 1500 ὅ(
1225 1470 1376 1513 collegam
1398 1467 1496 1500 fibiin
1506 1480 1581 1501 con.-

927 1512 1023 1546 sulatu
1034 1525 1129 1546 unum
1143 1525 1177 1546 ex
1186 1514 1310 1556 privatis
1323 1512 1456 1545 adscivit.
1485 1513 1578 1547 refert

928 1560 1122 1591 Ammianus.
1139 1570 1204 1591 non
1216 1560 1309 1602 igitur
1320 1559 1380 1590 hoc
1391 1559 1504 1590 honori
1517 1564 1583 1591 Ser-

927 1605 1006 1636 viani
1018 1605 1102 1636 dedit
1112 1605 1297 1642 Hadrianus,
1305 1604 1389 1648 quod
1398 1615 1469 1636 eum
1480 1602 1581 1636 secum

928 1653 1086 1686 consulem
1098 1655 1290 1691 nonfecerit,
1304 1649 1452 1693 πυλὶκέφε
1468 1649 1498 1696 '9
1516 1643 1579 1688 δεῖς

931 1710 986 1730 nec
1004 1700 1053 1731 hic
1063 1699 1161 1731 sensus
1174 1700 1260 1740 hujus
1273 1699 1345 1731 loci.
1375 1698 1582 1733 Contrarium

928 1746 1019 1787 plane
1029 1745 1161 1777 ostendit
1172 1744 1416 1787 Spartianusalla
1425 1754 1512 1781 voce,
1527 1746 1585 1775 Ta-'

930 1802 990 1820 men
1000 1793 1137 1833 conr-fist,
1148 1791 1249 1833 inquit
1260 1813 1269 1827 ‚
1281 1791 1396 1820 tertium
1407 1791 1583 1831 Confidatum

931 1837 1062 1867 Serviano
1073 1858 1081 1871 ,
1094 1838 1136 1867 cui
1143 1837 1295 1878 plurimum
1305 1833 1439 1874 dffcrebat
1450 1857 1459 1871 ,
1479 1844 1583 1877 nonpe—

930 1883 1038 1911 tentiae
1052 1880 1283 1923 fineprccatione‚
1305 1893 1357 1910 non
1369 1881 1463 1921 ficum
1481 1887 1582 1910 tamen.

933 1925 1056 1969 Qibns
1076 1925 1175 1957 verbis
1193 1935 1295 1967 aperte
1313 1923 1457 1967 fignificat
1483 1935 1580 1956 unum

932 1971 1010 2003 istud
1029 1969 1154 2002 defuiss'e
1169 1971 1306 2006 honori,
1323 1979 1415 2012 quem
1437 1969 1582 2001 Serviano

932 2015 1107 2048 concessum
1124 2015 1179 2046 ivit
1200 2014 1391 2051 Hadrianus,
1411 2014 1497 2057 quod
1515 2025 1582 2052 non

932 2060 1032 2094 secum
1044 2072 1112 2092 eum
1128 2060 1174 2091 illi
1186 2059 1337 2091 honorem
1348 2057 1581 2096 indulserit,nec

932 2108 1083 2148 collegam
1100 2104 1154 2137 fibi
1170 2105 1203 2136 in
1218 2105 1312 2137 tertio
1323 2103 1496 2136 Consulatu
1504 2103 1583 2136 fece-

932 2153 982 2183 rit.
1004 2161 1067 2193 qua:
1079 2149 1244 2194 sequuntur
1253 2159 1357 2182 autem
1367 2172 1378 2186 ,
1389 2162 1473 2192 quum
1483 2149 1529 2180 ille
1538 2150 1583 2181 his

931 2204 991 2227 ante
1001 2196 1183 2227 Hadrianum
1187 2194 1288 2237 fuiffit
1296 2216 1309 2233 ,
1321 2206 1358 2227 eo
1370 2195 1537 2237 pertinent,
1547 2203 1584 2228 ut

931 2241 1121 2273 demonstret
1139 2241 1313 2283 Spartianus
1325 2262 1334 2276 ,
1353 2240 1542 2272 Hadrianum
1559 2238 1581 2272 fi

932 2285 1072 2319 voluisstt
1081 2284 1210 2329 potuiffi:
1223 2286 1397 2318 Servianum
1407 2284 1508 2318 secum
1518 2293 1581 2316 ter·-

931 2334 978 2366 tio
990 2330 1148 2364 consulem
1160 2341 1345 2373 nuncupare.
1369 2341 1441 2362 nam
1451 2341 1521 2362 cum
1531 2330 1582 2363 hic

933 2378 1089 2410 Servianus
1111 2377 1157 2409 bis
1177 2375 1282 2409 consul
1302 2385 1375 2408 ante
1390 2376 1581 2408 Hadrianum

930 2423 1024 2460 fuerit
1036 2446 1048 2465 ‚
1064 2432 1126 2461 tres
1145 2433 1218 2459 vero
1237 2420 1424 2458 Consulatus
1434 2419 1501 2469 post
1513 2424 1586 2473 Set-⁴

1413 2473 1415 2475 ’
1456 2475 1580 2501 vianum
