1664 2891
241 89 348 136 >106
568 85 909 137 AEL11·S,P

935 97 1273 133 ARTIAN1

243 171 351 218 stam
365 168 507 235 fregit.
546 168 824 217 venationem
847 164 1014 229 semper
1025 183 1123 212 curn
1136 165 1284 213 amicis
1297 165 1590 231 participavit·

244 240 257 260 ¹
272 240 321 283 ln
333 237 540 284 convivio
553 235 787 300 tragoedias
803 261 815 283 ‚
841 231 1076 279 comoedias
1091 266 1106 287 ‚
1129 237 1142 255 ²
1162 232 1380 279 Atellanas
1393 265 1407 286 ‚
1422 231 1593 280 sambu-

243 321 313 350 cas
326 337 340 359 ‚
357 304 540 351 leerores
554 336 569 357 ,
590 307 674 366 poe}
681 316 739 347 tas
755 333 769 355 ‚
783 316 861 363 pro
876 309 921 346 re
935 297 1100 363 semper
1115 298 1321 346 exhibuit.
1361 303 1373 329 3
1389 299 1595 347 Tiburti-

237 387 344 417 nam
356 371 507 416 villam
520 369 627 415 mire
642 365 948 418 exaedificavit2
963 365 1020 411 ita
1033 379 1080 411 ut
1092 365 1138 411 in
1149 384 1197 412 ea
1209 371 1251 412 &
1261 365 1592 430 provinciarum

243 440 286 482 δί
306 436 502 483 locorum
526 433 806 481 celeberrima
828 431 1005 477 nomina
1028 429 1302 479 inscriberet.
1331 432 1489 479 4velut
1500 436 1592 496 Ly-

235 520 367 555 *ceum
384 537 398 558 ,
421 501 696 549 Academiam
713 532 726 554 ,
746 500 1010 561 Prytaneum
1024 529 1038 551 ‚
1060 496 1294 561 Canopum
1309 533 1323 555 ⁵
1348 502 1363 528 5
1374 497 1588 559 Poecilen,

241 567 419 633 Tempe
433 581 626 616 vocaret.
663 565 682 588 ⁶
695 568 752 611 Et
764 578 812 611 ut
826 562 936 610 nihil
949 564 1298 626 praetermitteret
1309 599 1324 619 ‚
1348 569 1367 592 ⁷
1380 565 1508 611 etiam
1525 564 1590 609 in-

239 632 355 686 feros
369 635 508 681 finxit.
543 635 676 698 Signa
688 632 840 678 mortis
854 631 947 676 haec
961 628 1111 674 habuit
1128 647 1137 674 ε
1164 629 1314 676 Natali
1335 630 1409 677 suo
1434 630 1592 677 ultimo

240 719 377 766 quum
391 701 665 749 Antoninum
677 696 1025 751 commendaret,
1043 694 1060 720 ⁸
1084 709 1300 761 praetexta
1312 694 1462 760 sponte
1477 695 1592 743 dela-

238 839 358 883 irrepfit
384 850 441 883 pro
468 841 639 885 antiquitus
665 838 803 882 scripto,
829 837 894 879 offla.

241 897 315 917 nam
336 887 379 918 ita
398 888 555 919 Palatinus
567 886 605 917 ad
616 896 702 917 oram
713 882 897 925 adscriptum

241 930 359 963 habuit.
390 931 459 973 coffii
478 942 535 974 pro
552 943 632 962 coxa.
665 930 737 961 inde
755 928 897 961 nostrum

241 976 334 1018 cuzffi.
365 977 436 1018 cossa
447 978 541 1020 igitur
553 977 598 1008 vel
610 988 680 1007 coxa
689 975 854 1019 legendum
863 984 897 1005 ex

242 1026 350 1058 Dione
362 1027 413 1069 qui
428 1020 533 1068 pengq'v
549 1024 650 1058 habet.
675 1027 794 1067 Salmas?

285 1072 432 1115 Jugulum
449 1076 490 1105 <T
509 1083 606 1102 coxam
625 1071 733 1115 fregit]
755 1068 897 1103 Esthco—

239 1115 308 1148 dice
327 1117 427 1159 Regio
440 1139 449 1154 ,
466 1127 557 1160 quem
578 1115 711 1149 sublevat
729 1117 896 1151 Palatinus,

239 1162 273 1193 in
285 1172 348 1204 quo
359 1160 603 1204 superscriptum.
617 1163 705 1193 aliter
718 1162 776 1204 legi
788 1160 895 1203 coffam.

240 1206 372 1239 habebat
389 1216 494 1239 autem
514 1209 673 1250 vulgatum
693 1207 769 1238 illud
785 1206 895 1250 costam,

240 1262 275 1283 in
288 1261 383 1284 textu.
407 1258 487 1285 Grut.

288 1307 316 1329 Ι.
340 1302 377 1328 ln
394 1299 523 1330 convivio
540 1297 702 1341 tragedias,
713 1296 797 1337 com]
823 1299 894 1328 Hoc

239 1353 367 1385 quoque
382 1340 534 1384 specimen
555 1354 680 1375 morum
699 1342 808 1374 habet:
827 1341 895 1373 vide

242 1388 429 1419 Suetonium
439 1388 470 1420 in
481 1388 620 1431 Augusto
632 1411 641 1425 ‚
661 1388 758 1431 capite
775 1399 894 1419 rxxiv.

242 1432 363 1475 Cafhub.

285 1489 314 1509 z.
337 1476 897 1520 Vitellanasfflzmbucar,choreJ.JSam-

240 1522 315 1554 bucae
327 1522 393 1555 heic
405 1535 469 1554 non
481 1522 548 1555 sunt
559 1523 760 1555 instrumenta
770 1523 822 1555 illa
832 1535 899 1555 mu-

241 1566 298 1599 fica
309 1569 400 1611 vulgo
412 1577 499 1603 nota,
511 1567 560 1600 sed
570 1568 730 1600 muficariae
741 1570 899 1606 mulieres,

241 1624 307 1656 quae
330 1614 388 1645 illo
417 1613 623 1645 instrumento
653 1613 757 1645 ludere
788 1613 895 1647 sciunt.

242 1657 409 1689 sambucum
430 1660 515 1690 enirn
540 1659 642 1690 Latini
674 1659 815 1690 dixerunt
841 1670 898 1702 pro

233 1704 432 1746 fitmbucicim,
446 1705 491 1736 vel
505 1703 694 1736 sambucista.
712 1703 825 1736 Gloffae
836 1715 899 1736 ma-

243 1748 423 1793 nuscriptae:
444 1749 592 1791 fizmbucus
607 1772 617 1787 ,
637 1748 750 1792 histrio,
767 1752 898 1792 fiiltator.

245 1794 369 1827 Salmas?

290 1850 319 1882 3.
342 1840 516 1871 Tiburtinam
534 1838 633 1870 villam
653 1841 722 1872 mir&
740 1839 899 1881 exaedifica-

246 1885 321 1926 vit]
346 1890 481 1928 Apparet
499 1884 515 1918 ὲ
535 1883 696 1917 ruderibus
713 1900 721 1923 3
744 1896 808 1928 quat
827 1885 899 1917 miri

244 1931 349 1971 operis
366 1931 519 1973 hodieque
537 1931 625 1962 testes
644 1928 701 1962 esse
713 1954 722 1967 ‚
745 1931 831 1962 doffi
843 1932 899 1963 viri

246 1973 383 2008 scribunt
409 1976 443 2007 in
473 1976 569 2008 ltaliae
598 1975 654 2008 suae
683 1974 899 2019 descriptione.

251 2021 369 2065 casaub.

292 2078 325 2105 4.
347 2068 432 2099 Velut
448 2070 571 2107 lyceum,
585 2064 786 2102 Academiam,
800 2070 903 2108 Pryta-

246 2123 334 2143 zteum.
342 2112 355 2152 ]
363 2113 475 2152 Lycium
486 2113 688 2153 &prytanium
700 2111 843 2143 hocloco
854 2122 902 2143 ve—

247 2165 336 2189 teres.
350 2156 389 2189 fic
398 2159 501 2201 topium
512 2158 545 2189 ὃ(
556 2157 686 2198 mustum,
697 2158 728 2189 &
740 2157 900 2200 nymphium

246 2201 357 2234 dixere.
380 2204 501 2245 Salmas?

292 2258 320 2287 5.
347 2250 467 2279 Poecilen
481 2254 574 2287 Tempe
583 2247 719 2287 vocaret]
741 2245 830 2279 Idem
849 2256 900 2278 ve-

246 2299 326 2326 reres
344 2291 397 2325 scri
402 2302 491 2335 ptum
504 2291 616 2324 habent
627 2315 636 2329 ,
654 2293 751 2335 pisilen
767 2302 823 2333 pro
833 2301 900 2333 poe-

245 2338 339 2370 cilen.
359 2349 416 2370 nec
436 2340 525 2372 aliter
545 2338 600 2370 illa
617 2347 705 2369 aetate
716 2335 898 2369 scribebant.

241 2388 324 2430 picile
335 2409 345 2424 ‚
360 2385 507 2422 ποικίλη.
535 2386 573 2420 fic
573 2388 733 2430 solictfinus
744 2391 768 2418 A
776 2386 900 2423 usonio‚

244 2430 472 2472 πλοικισμές.
501 2438 586 2481 quod
603 2444 669 2469 non
687 2439 786 2468 versus
805 2435 900 2478 gratia

240 2480 350 2522 ,abillo
362 2480 536 2526 usurpatum
547 2484 601 2525 est,
615 2481 665 2518 sed
676 2480 897 2517 ufitanffimam
916 2515 918 2519 ,

938 835 970 868 in
990 836 1044 868 illa
1063 845 1148 869 aetate
1159 835 1310 870 scribendi
1321 837 1475 869 rationem
1486 835 1594 880 sequu-

939 890 988 914 tus
998 881 1048 914 est.
1075 881 1113 913 sic
1122 884 1279 925 Synalzphe,
1288 893 1345 926 pro
1355 882 1526 924 Synaloephe.
1552 882 1593 912 ci-

939 929 1079 959 miterium
1094 928 1126 959 in
1142 928 1265 960 vetustis
1285 927 1518 971 martyrologiis
1533 937 1592 969 pro

939 975 1115 1004 coemiterion.
1141 974 1173 1004 &
1184 973 1268 1017 quod
1279 974 1376 1017 magis
1388 973 1507 1005 mireris
1521 973 1594 1002 auli-

937 1017 990 1049 dus
999 1029 1056 1060 pro
1067 1018 1191 1050 auloedus
1200 1019 1278 1061 apud
1289 1019 1461 1061 Capellam.
1483 1016 1523 1049 fic
1533 1026 1593 1049 tra-

931 1063 996 1107 gidi
1025 1075 1061 1096 ro
1072 1063 1215 1108 tragoedis.
1231 1062 1344 1097 Gloffae
1354 1075 1363 1095 z
1373 1063 1491 1108 tragali,
1504 1074 1592 1108 T&-

937 1074 1050 1153 γῳῆξὶ.
1075 1113 1164 1145 ldem.

981 1161 1011 1194 6.
1033 1166 1066 1193 Et
1076 1171 1106 1192 ut
1117 1163 1188 1194 nihil
1196 1164 1420 1205 praetermitteret
1433 1186 1443 1201 ‚
1454 1165 1539 1195 etiam
1548 1166 1593 1195 in-

929 1207 1005 1246 feros
1013 1207 1137 1248 finxit]
1162 1211 1246 1240 Cum
1259 1209 1432 1250 Spartianus
1444 1209 1526 1241 dicat
1536 1210 1594 1241 vil-

937 1252 999 1284 lam
1008 1251 1204 1285 Tiburtinam
1217 1254 1304 1285 miris
1316 1253 1459 1296 operibus
1476 1254 1515 1286 ab
1534 1259 1595 1287 Ha-

940 1297 1050 1329 driano
1061 1295 1148 1329 fuisse
1157 1299 1325 1330 exrruistam
1338 1300 1369 1330 ὅ(
1381 1308 1538 1337 ornatam,
1551 1300 1594 1332 ita

939 1352 972 1374 ut
985 1344 1017 1375 <Sc
1030 1342 1241 1380 Academiam,
1257 1345 1288 1375 δε
1299 1347 1430 1386 Lyceum
1443 1346 1474 1376 &
1486 1348 1591 1387 Pryta-

940 1399 1033 1420 neum
1055 1390 1087 1420 ὃς
1105 1392 1273 1431 Canopum
1294 1391 1326 1422 &
1345 1391 1462 1431 Tempe
1473 1389 1509 1421 ad
1524 1390 1596 1422 imi-

939 1434 1089 1466 tationem
1110 1433 1278 1465 celebrium
1297 1434 1427 1467 illorum
1448 1436 1595 1468 locorum

940 1478 1055 1511 ibidem
1076 1479 1302 1511 exaedificaverit
1311 1503 1320 1517 ,
1342 1482 1375 1511 δε
1387 1490 1424 1511 ne
1436 1480 1509 1522 quid
1519 1490 1595 1523 pta:-

938 1525 1137 1561 termitteret,
1147 1524 1266 1556 inferos
1276 1526 1370 1556 etiam
1381 1524 1521 1562 finxerit3
1533 1525 1595 1557 mi-

942 1571 1026 1602 nime
1052 1570 1151 1612 piCtos
1173 1569 1290 1602 inferos
1310 1570 1483 1613 intelligere
1501 1570 1595 1603 debe-

942 1626 1010 1647 mus
1023 1638 1032 1652 ,
1060 1617 1092 1647 ὅ(
1111 1616 1257 1657 penicillo
1274 1613 1424 1657 expressos
1437 1638 1446 1652 ,
1475 1613 1524 1647 sed
1545 1616 1595 1647 lo·

941 1671 1012 1693 curn
1023 1661 1188 1705 quemdam
1198 1661 1231 1692 in
1239 1672 1272 1692 ea
1283 1661 1356 1692 villa
1365 1660 1547 1693 aedificatum
1556 1660 1595 1693 ad

940 1707 1113 1749 exemplum
1124 1706 1296 1738 inferorum
1309 1728 1319 1742 ,
1340 1715 1373 1738 ut
1391 1704 1434 1738 ibi
1455 1703 1549 1738 essent
1560 1717 1597 1738 o-

941 1751 1027 1783 mnia
1046 1762 1112 1795 qua:
1132 1751 1209 1793 apud
1227 1750 1347 1783 inferos
1364 1748 1422 1782 esse
1437 1751 1596 1789 dicuntur,

941 1796 1032 1840 Elysii
1043 1798 1155 1838 campi,
1167 1803 1246 1839 Styx,
1260 1796 1405 1828 Acheron
1417 1819 1427 1835 ,
1448 1798 1480 1829 &
1492 1806 1596 1829 caetera

940 1853 1004 1885 quae
1016 1841 1169 1874 deinferis
1187 1852 1411 1874 memorantur.
1445 1842 1595 1885 quemad-

941 1887 1072 1920 modum
1091 1888 1175 1919 enim
1193 1889 1224 1919 δι
1240 1887 1404 1921 Academia
1416 1889 1447 1920 &
1460 1891 1594 1928 Lyceum

942 1934 975 1965 &
995 1936 1143 1975 Canopus
1156 1933 1225 1964 loca
1234 1943 1319 1965 erant
1329 1934 1360 1963 in
1371 1942 1404 1964 ea
1414 1932 1486 1964 villa
1495 1931 1535 1964 fic
1544 1943 1597 1964 ex-

942 1977 1053 2014 austa,
1063 1988 1096 2010 ut
1111 1978 1306 2010 Academiam
1317 1987 1383 2009 vere
1394 1976 1552 2015 referrent.
1560 1980 1594 2010 δε

944 2026 1113 2064 Canopum
1136 2024 1168 2054 δε
1188 2025 1345 2065 Lyceum,
1364 2021 1449 2054 idem
1469 2033 1594 2066 quoque

943 2068 980 2100 de
997 2069 1104 2100 inferis
1124 2077 1203 2110 quos
1222 2066 1339 2099 ibidem
1359 2066 1485 2100 finxerat
1498 2091 1508 2106 ,
1529 2067 1595 2101 sen-

943 2113 1096 2147 tiendum.
1121 2112 1209 2144 Idem.

995 2175 1025 2204 7.
1049 2165 1145 2194 Etiam
1162 2163 1262 2202 infero!
1284 2162 1404 2203 finxit]
1438 2157 1594 2199 Nenv'ow,

941 2217 1061 2250 utputo
1072 2231 1082 2246 ,
1099 2209 1299 2241 Homericam
1310 2209 1355 2239 vel
1365 2209 1513 2250 penicillo
1526 2209 1595 2250 pin·

941 2254 1074 2297 gendam
1091 2255 1205 2286 curavit
1217 2276 1227 2291 ‚
1247 2254 1294 2286 vel
1315 2254 1404 2285 aliter
1423 2254 1596 2297 exprimen-

943 2300 1026 2331 dam.
1055 2299 1169 2341 Cafiiub.
1569 2326 1574 2329 .

982 2346 1012 2379 8.
1032 2350 1139 2376 Praetea
1146 2354 1176 2375 ta
1192 2343 1281 2386 sponte
1299 2343 1405 2388 delapsa
1417 2346 1527 2388 caputei
1536 2355 1594 2387 ope-

941 2390 1030 2431 min]
1054 2388 1216 2433 scripserat
1235 2391 1411 2432 Spartianus
1425 2413 1434 2426 ‚
1453 2401 1518 2422 non
1537 2400 1596 2431 ope-

942 2445 1012 2472 rum,
1022 2434 1071 2468 sed
1081 2437 1196 2479 apernit.
1220 2434 1305 2479 quod
1316 2458 1325 2472 ,
1336 2445 1369 2467 ut
1380 2435 1480 2477 postea
1492 2434 1594 2467 obser-

941 2482 1097 2524 vavimus,
1119 2482 1212 2516 etiam
1234 2480 1452 2515 cruditissimus
1471 2479 1590 2533 Lipfiuf

1514 2534 1587 2559 ante
