1664 2891
335 69 740 118 TR1G1NT‘A
806 64 1190 115 TYRANur.
1327 83 1425 131 779

72 151 211 201 ‘eaesus
238 151 340 201 effet
363 150 481 216 quod
507 147 699 211 crepidas
724 146 815 194 suas
829 147 1024 194 meliores
1037 147 1116 195 effe
1128 150 1257 214 quam
1271 150 1423 199 militis

82 221 270 274 diceret,
299 217 479 264 collecta
507 215 745 261 multitudo
768 216 780 237 ¹
795 213 848 259 ad
864 214 1045 260 domum
1059 216 1285 262 AEmiliani
1298 217 1422 266 ducis

81 303 236 350 anceps
261 282 407 343 venit,
431 295 558 345 atque
582 298 681 327 eum
708 279 832 327 omni
853 277 1113 326 seditionum
1134 280 1423 332 instrumento

85 358 128 399 ὃ(
151 350 296 398 furore
322 345 574 412 persequuta
597 346 669 392 est.
705 347 816 393 istus
841 344 898 393 est
925 345 1167 408 lapidibu3‚
1189 347 1348 408 petitus
1362 350 1421 397 est,

81 416 201 464 ferro
218 435 228 462 ε
246 420 260 437 ²
274 431 352 460 nec
365 412 486 461 defiit
501 413 640 460 ullum
652 412 877 460 seditionis
891 411 1044 458 telum.
1081 412 1180 474 Q
1192 427 1238 457 re
1248 416 1422 462 coaetus

72 481 344 531 ..AEmilianus
356 478 530 545 sumpfit
542 480 768 543 imperium
786 513 800 534 ‚
824 496 957 544 quum
970 476 1095 524 sciret
1109 477 1186 523 fibi
1198 477 1423 527 undecun-

80 566 163 613 que
175 547 458 611 pereundum.
494 545 818 594 Consenserunt
829 545 868 591 ei
881 544 1173 609 AEgyptiacus
1186 545 1417 602 exercitu5‚

81 614 267 660 maxime
280 614 324 659 in
338 613 531 660 Gallieni
542 613 717 660 odium:
737 630 815 659 nec
827 611 915 673 ejus
930 614 983 658 ad
997 610 1229 673 regendam
1243 616 1422 675 rempu-

77 679 236 727 blicam
259 680 391 744 vigor
413 676 567 726 defuit.
622 680 741 725 Nam
753 678 1031 725 Thebaidem
1048 690 1267 741 totamque
1280 679 1423 742 AEgy·

77 760 206 811 ptum
221 746 493 810 peragravit,
518 750 780 811 &quatenus
803 744 949 809 potuit
972 742 1250 790 barbarorum
1270 759 1423 808 gentes
1441 782 1443 784 .

82 810 189 859 forti
202 814 434 860 autoritate
444 810 677 858 submovit.
716 811 916 875 Denique
939 814 979 856 A
991 827 1020 857 L
1034 826 1061 855 E
1076 827 1103 856 x
1119 827 1145 856 A
1164 827 1196 856 N
1210 827 1238 855 D
1251 827 1279 855 E
1292 826 1325 855 R
1349 810 1423 858 vel

79 883 122 925 A
136 895 164 924 L
177 896 204 925 E
216 894 244 923 x
258 898 287 926 A
303 897 332 926 N
350 895 380 923 D
391 895 423 923 R
437 895 454 923 1
470 896 499 925 Ν
516 895 547 923 U
559 896 577 923 s
613 881 732 942 <nam
748 878 963 923 incertum
977 877 1022 923 id
1036 893 1208 941 quoque
1219 875 1422 931 habeturj

83 945 303 992 virtutum
324 945 479 990 merito
505 958 684 990 vocatus
709 942 779 989 est.
815 945 872 989 Et
887 960 1021 1007 quum
1036 956 1188 989 contra
1203 943 1331 989 Indos
1346 960 1424 1007 pa-

81 1025 198 1059 raret
211 1010 529 1075 expeditionem
545 1042 560 1063 ‚
588 1008 709 1055 misso
721 1009 964 1055 Theodoto
977 1009 1087 1055 duce
1102 1041 1116 1063 ,
1141 1008 1347 1055 Gallieno
1354 1010 1424 1071 ju-

79 1076 210 1124 bente
232 1076 353 1123 dedit
374 1092 525 1140 poenas
555 1093 565 1119 ε
609 1074 845 1139 ³fiquidem
867 1074 1151 1138 strangulatus
1173 1075 1219 1120 in
1254 1093 1424 1123 carcere

81 1144 354 1207 captivorum
382 1156 579 1188 veterum
605 1158 723 1188 more
747 1141 1012 1205 perhibetur.
1059 1140 1324 1188 Tacendum
1338 1141 1422 1190 effe

78 1227 169 1256 non
183 1209 313 1255 credo
326 1242 340 1264 ,
354 1209 471 1272 quod
487 1225 620 1272 quum
635 1208 688 1254 de
701 1210 903 1272 AEgypto
915 1208 1071 1271 loquor
1082 1241 1096 1262 ,
1113 1222 1237 1254 vetus
1250 1205 1422 1273 suggest

81 1275 133 1337 fit
146 1274 333 1330 historia,
348 1273 471 1321 fimul
484 1274 611 1321 etiam
624 1274 818 1321 Gallieni
831 1271 995 1321 factum
1010 1291 1019 1319 τ
1034 1275 1107 1338 qui
1119 1291 1250 1339 quum
1265 1274 1422 1321 Theo-

79 1343 189 1388 doto
203 1340 336 1387 vellet
346 1341 576 1404 imperium
593 1339 893 1404 proconsulare
907 1341 1158 1396 decernere,
1183 1339 1208 1386 a
1230 1338 1421 1387 sacerdo-

70 1408 191 1470 ¹tibus
212 1406 538 1472 estrprohi'oitus
553 1445 564 1461 ‚
600 1406 705 1471 4qui
729 1407 935 1454 dixerunt
957 1404 1086 1453 fasces
1101 1405 1340 1453 consulares
1354 1407 1421 1453 in-

78 1473 527 1540 grediAlexandriam
542 1491 630 1519 non
646 1473 790 1520 licere.
838 1473 977 1535 Cujus
1001 1474 1063 1520 rei
1088 1473 1215 1520 etiam
1241 1473 1420 1520 Cicero-

78 1558 179 1587 nem
194 1574 208 1595 ,
231 1557 366 1605 quum
388 1554 540 1585 contra
562 1539 800 1587 Gabinium
818 1539 1038 1604 loquitur,
1068 1537 1308 1585 meminisse
1320 1538 1418 1586 latis

72 1606 303 1653 'novimus2
343 1606 529 1670 denique
549 1623 638 1652 non
662 1621 779 1653 extat
803 1605 1009 1652 memoria
1033 1606 1095 1651 rei
1117 1603 1417 1670 frequentatae.

82 1677 237 1733 Qare
263 1671 367 1719 scire
390 1687 587 1737 oportet,
610 1676 623 1701 ⁵
635 1673 912 1720 Herennium
935 1671 1113 1720 Celsum
1139 1671 1327 1720 vestrum
1339 1689 1417 1736 pa-

119 1835 150 1858 1.
169 1824 230 1858 Ad
240 1825 352 1857 domum
362 1826 508 1857 AEmiliam'
517 1836 609 1870 anceps
619 1827 725 1869 venit]

74 1872 140 1905 Pal.
153 1872 228 1902 aucis
239 1874 327 1903 venit.
351 1875 443 1904 Grut-

48 1920 50 1923 “
120 1926 149 1948 2.
174 1921 232 1949 Nec
249 1917 330 1957 defiit
348 1916 437 1949 ullum
450 1915 599 1958 seditionis
610 1916 722 1957 telum]

73 1963 136 1996 Pal.
148 1973 195 1993 nec
205 1961 478 2005 deullumfiditionis
487 1964 580 1993 telum.
607 1962 705 1994 Idem.

62 2025 67 2027 -
121 2017 150 2050 3.
174 2008 320 2051 Siquidem
331 2007 516 2051 strangulatus
526 2008 556 2038 in
573 2019 675 2039 carcere
685 2019 727 2038 ca-

72 2053 217 2096 ptivorum
230 2062 354 2085 veterum
365 2065 436 2085 more
442 2052 625 2096 perhibetur]
652 2056 727 2084 Mos

75 2106 172 2130 notus
194 2120 203 2135 ‚
226 2107 260 2130 ut
279 2097 441 2142 postquam
462 2098 672 2141 triumphator
690 2098 724 2129 in

73 2143 272 2185 Capitolium
301 2141 423 2186 cepisset
444 2143 563 2175 flestexe
580 2166 592 2181 ,
618 2143 729 2186 captivi

76 2187 168 2220 duces
190 2189 223 2220 in
242 2199 393 2222 carcerem
414 2188 638 2221 deducerentur.
658 2211 668 2225 ,
695 2190 728 2220 &

76 2232 122 2265 ibi
137 2234 246 2276 laqueo
257 2234 523 2278 strangularentur.
536 2234 728 2266 ffimilanum

78 2286 182 2310 autern
199 2277 217 2311 ὲ
238 2279 406 2312 Theodoto
430 2281 484 2323 qui
506 2279 598 2311 illum
617 2280 730 2313 vicerat

61 2342 62 2345 =
80 2327 220 2355 Romam
231 2324 270 2357 ad
288 2326 466 2358 Gallienum
483 2322 606 2356 miss'um
624 2322 730 2362 fuiffit,

77 2368 183 2413 priore
193 2367 277 2401 libro
285 2371 402 2403 distum
413 2369 469 2402 est.
491 2369 609 2412 Cafizub.

123 2425 155 2454 4.
180 2416 246 2458 „Qui
253 2414 385 2448 dixerunt
388 2416 476 2458 fusius
486 2416 636 2458 conficlarer
644 2416 731 2459 ingre-

74 2458 109 2493 di
118 2459 331 2495 Alexandriam
342 2473 393 2495 non
403 2461 511 2504 litera]
525 2460 577 2495 Ob
585 2459 728 2501 similem,

1245 1752 1416 1785 rentem

766 1826 812 1858 vel
824 1826 901 1859 hanc
910 1825 1004 1868 ipsam
1024 1824 1152 1858 cauffiim
1173 1823 1252 1856 olim
1271 1823 1309 1855 de
1326 1822 1419 1855 reduo

767 1872 866 1903 cendo
876 1873 1043 1905 Ptolemaeo
1054 1871 1217 1903 tamdiu&
1229 1878 1293 1901 tam
1306 1869 1417 1902 acriter

767 1917 800 1948 in
812 1915 1121 1959 senatudisceptatum
1131 1915 1172 1948 est
1185 1926 1193 1946 :
1214 1912 1285 1946 cum
1301 1914 1418 1946 dicere-

768 1970 817 1994 tut
827 1960 907 1994 sorte
919 1961 1067 2005 Sibyllina
1076 1961 1253 2004 praedistum
1266 1982 1276 1996 ,
1298 1968 1417 2002 magno

770 2007 857 2049 Reip.
869 2008 956 2039 malo
972 2005 1119 2039 cessurum
1131 2029 1141 2042 ‚
1163 2004 1184 2036 fi
1202 2005 1417 2047 cumimperio

771 2053 905 2085 Romani
917 2056 1084 2097 ffigyptum
1093 2051 1230 2084 adirent:
1250 2059 1309 2095 qua
1328 2049 1367 2083 de
1383 2060 1418 2083 xe

773 2099 849 2130 Dio.
874 2097 965 2130 Idem.

791 2152 820 2184 ς.
832 2145 1001 2174 Herennium
1012 2139 1257 2185 Celficm‚veflrum
1263 2150 1417 2185 parentem,

767 2187 835 2219 dum
843 2189 1011 2231 confialatum
1022 2190 1096 2230 cupit
1110 2212 1118 2226 ‚
1144 2188 1192 2220 hoc
1203 2187 1274 2229 quod
1283 2185 1418 2227 dfiderat

768 2235 934 2275 nonlicere.]
950 2233 997 2266 Est
1008 2234 1182 2278 hypallage:
1206 2243 1277 2265 nam
1298 2233 1417 2265 testum

769 2288 833 2312 erat
844 2302 855 2317 ,
877 2280 925 2311 hoc
935 2278 1006 2322 quod
1017 2281 1137 2310 nonlicet
1149 2276 1309 2318 desiderare.
1330 2277 1417 2310 Cbm

767 2326 832 2362 ait,
853 2324 972 2368 vestrum
977 2333 1113 2368 parentem
1126 2346 1135 2361 ‚
1152 2323 1320 2366 compellat
1338 2324 1418 2354 ami-

767 2381 838 2402 cum
849 2370 939 2402 illum
951 2368 1037 2402 suum
1047 2371 1095 2401 cui
1106 2369 1165 2401 hoc
1173 2379 1250 2411 opus
1261 2378 1418 2410 nuncupaa

767 2424 857 2449 vetat.
882 2414 980 2448 Porto
991 2415 1039 2447 hic
1049 2414 1221 2447 Herennius
1235 2411 1341 2447 celsus
1351 2423 1416 2456 quo

766 2470 906 2505 tempore
915 2462 976 2496 haec
992 2458 1198 2496 scribebamus
1208 2483 1216 2499 ,
1238 2457 1415 2503 Augustalis

1355 2513 1422 2537 etat
