1664 2891
234 165 360 234 996ρ

455 170 682 213 FLAVII
715 165 980 214 V'oPlvser
1016 168 1370 216 SYRAeustr

231 247 505 313 pernobiles?
527 250 538 269 ¹
553 246 719 294 Donati
731 247 826 293 sunt
839 248 892 294 ab
908 247 1168 295 Atrebaticis
1180 248 1287 296 birri
1301 249 1427 314 petiti
1441 281 1452 301 ,
1466 253 1482 274 ²
1498 251 1577 299 do·

238 316 329 360 nati
353 315 458 360 birri
480 312 712 368 Canusini,
750 313 970 360 Africanae
1002 332 1103 378 opes
1126 315 1174 360 in
1200 314 1321 363 scena
1341 334 1430 362 non
1455 319 1577 381 prius

160 401 217 431 21
240 380 356 426 visae.
424 382 481 426 Et
503 381 595 427 haec
617 380 793 444 quidem
813 380 979 426 idcirco
1000 397 1083 444 ego
1101 381 1147 426 in
1159 380 1300 429 literas
1314 382 1467 437 retuli,
1489 385 1578 448 quo

242 446 412 494 futuros
427 446 615 494 editores
629 447 773 510 pudor
787 458 1009 508 tangeret,
1028 463 1082 491 ne
1095 448 1355 509 patrimonia
1368 447 1441 496 sua
1454 483 1468 505 ,
1482 467 1584 514 pro-

237 579 342 623 figuris
356 602 365 617 ,
386 590 443 622 qua
464 578 608 611 rotundis
620 599 630 614 ‚
656 587 716 619 qua
734 576 890 619 quadratis

236 636 374 658 veterum
393 626 507 657 luxuria
525 622 592 654 lusit
612 623 645 653 in
666 621 795 655 vestibus
808 633 889 661 auro

233 681 402 713 purpurave
433 667 612 700 illudendis.
652 678 716 710 quae
749 669 889 700 rotundae

234 726 323 748 erant
334 740 343 753 ‚
354 716 426 747 &in
439 714 589 744 circulum
599 712 697 749 flexae,
714 715 839 754 plumas,
854 723 887 745 ut

235 761 317 799 dixi,
337 760 512 793 vocitarunt
523 758 645 794 Latini,
667 760 699 790 &
709 756 835 790 fortasse
846 768 891 791 et-

236 807 298 838 iam
318 808 417 836 clavos.
439 804 596 835 clavorum
616 803 700 834 enim
720 804 817 846 capita
837 814 890 835 ro-

235 855 340 887 tunda.
351 853 432 885 unde
445 844 642 883 οἰσωτδῖσκεςς
659 853 754 887 Graeci
765 863 887 885 vocant.

234 900 377 932 dixerunt
397 902 427 931 ὅς
447 901 541 929 oculos.
578 897 648 930 hinc
666 897 750 940 vfstes
767 909 890 940 purpura

235 947 340 975 oculare
364 944 441 986 apud
463 944 702 975 Tertullianum.
733 941 751 975 Ξ
773 945 888 985 plumis

235 990 330 1032 igitur
342 990 403 1021 illis
417 1013 424 1026 ,
436 989 494 1021 hoc
504 989 545 1021 est
557 989 662 1025 clavis,
672 987 784 1032 quibus
795 989 888 1021 vestes

232 1034 506 1071 {mei-texebantur,
515 1036 647 1078 plumarii
656 1044 789 1066 textores
801 1034 889 1071 disti,

234 1091 304 1112 non
322 1079 423 1112 solum
444 1081 495 1123 qui
517 1082 620 1112 clavos
640 1078 769 1112 vestibus
791 1079 889 1112 insue-

233 1136 304 1158 rent
316 1127 526 1158 &intexerent
538 1149 547 1162 ,
568 1124 616 1157 sed
628 1127 659 1157 δε
673 1126 725 1167 qui
738 1136 903 1168 quocum:

234 1182 294 1215 que
305 1182 413 1215 genere
422 1172 543 1213 pisturae
555 1194 564 1207 ,
583 1169 824 1214 quibuscumque
835 1182 887 1202 co—

234 1217 357 1248 loribus
379 1220 409 1249 &
431 1216 534 1260 figuriff
555 1217 683 1248 variatas
700 1215 792 1248 vestes
805 1238 813 1252 ‚
834 1226 888 1247 acu

233 1263 404 1305 pingerent.
448 1262 570 1303 proprie
603 1261 697 1304 igitur
727 1262 888 1304 loquendo

235 1310 372 1339 multum
384 1306 471 1339 distat
482 1307 560 1349 apud
570 1308 700 1339 Latinos
716 1308 789 1350 piHa
800 1306 887 1339 vestis

235 1350 254 1384 Ξι
272 1355 392 1384 clavata.
417 1353 497 1394 pista
515 1351 604 1383 vestis
624 1351 739 1394 semper
759 1353 888 1391 alicuius

234 1398 280 1429 1ei
300 1398 427 1441 figuram
446 1408 501 1429 acu
519 1397 632 1429 fastam
646 1419 656 1434 ,
676 1407 767 1441 atque
779 1398 890 1435 aureis,

235 1452 289 1475 aut
307 1444 395 1474 variis
420 1443 480 1474 filis
505 1443 654 1474 intextam
676 1444 707 1475 ὅς
727 1441 888 1485 expressam

235 1488 419 1522 exhibebat.
437 1497 471 1520 ut
481 1488 591 1520 florem
603 1511 611 1524 ‚
630 1488 767 1524 stellam,
786 1488 888 1520 homi-

236 1544 310 1565 nem
323 1557 330 1570 ‚
352 1536 381 1565 ὅτ
394 1533 513 1565 fimilia.
540 1534 616 1565 clavi
635 1544 708 1566 vero
724 1543 788 1565 tam
809 1534 891 1565 aurei

239 1589 331 1621 quam
343 1580 481 1620 purpurei
496 1601 504 1614 ,
523 1579 677 1620 particulae
688 1590 771 1611 erant
790 1590 824 1611 ex
841 1589 893 1610 au-

237 1635 277 1655 ro
297 1625 344 1655 vel
363 1634 510 1666 purpura,
530 1634 612 1655 nunc
629 1625 784 1660 rotundae,
811 1634 893 1655 nunc

239 1668 391 1712 quadratae
411 1691 420 1705 ‚
449 1680 512 1711 quae
534 1678 680 1712 tanquam
706 1669 892 1701 emblemata

238 1714 375 1757 quaedam
394 1713 523 1745 vestibus
539 1713 747 1747 inserebantur
769 1737 779 1751 ,
801 1723 893 1757 atque

238 1757 459 1796 insuebantur,
477 1770 542 1802 quae
559 1760 655 1791 etiam
676 1758 693 1791 Ξι
712 1760 789 1791 veste
808 1769 894 1801 pote-

239 1814 310 1837 rant
321 1804 457 1846 separari,
471 1805 586 1836 &inde
598 1805 702 1841 eximi,
713 1806 789 1836 utin
800 1806 894 1836 aliam

239 1849 352 1881 vestem
364 1849 600 1882 transferrentur
612 1872 621 1886 ,
633 1851 663 1881 ὃ(
676 1849 713 1880 de
725 1861 809 1882 novo
820 1861 894 1882 con-

240 1894 409 1927 suerentur.
435 1895 518 1938 quod
531 1896 563 1926 in
579 1895 669 1937 piffis
686 1895 815 1927 vestibus
829 1906 893 1926 non

241 1940 367 1973 licebat.
385 1942 514 1983 plumarii
523 1951 618 1982 porro
628 1941 721 1972 etiarn
731 1941 831 1972 vocati
842 1942 894 1983 qui

240 1985 432 2028 Babylonica
442 1985 651 2027 peristromata
668 1986 756 2017 variis
775 1987 892 2017 colori-

242 2030 301 2063 bus
321 2031 444 2062 intextis
464 2031 649 2074 pingebant,
669 2031 753 2073 quod
766 2030 894 2073 Babylo-

243 2087 316 2108 nem
346 2077 477 2108 maxime
505 2075 695 2108 celebravisse
722 2076 813 2109 refert
835 2077 895 2109 Pli-

243 2123 315 2154 nius
329 2145 338 2159 ,
351 2124 382 2153 ¹&
393 2132 509 2153 nomen
520 2120 706 2164 imposuisse.
732 2124 849 2164 Salmafi

289 2192 315 2213 1.
352 2183 531 2222 Donatifiant
542 2184 586 2212 vel
599 2181 778 2213 Atrebaticis
791 2181 890 2221 birri]

241 2226 357 2259 Melius
369 2250 379 2264 ,
399 2227 431 2257 ab
443 2227 593 2258 Atrebatis
605 2226 684 2257 birri.
707 2228 753 2258 vel
765 2226 895 2258 Atreba-

240 2274 292 2303 tici
301 2272 380 2304 birri.
405 2271 653 2303 Atrebaticarum
662 2271 788 2303 vestium
799 2272 891 2303 etiam

240 2315 314 2349 ante
332 2317 433 2349 habita
451 2318 583 2349 mentio.
605 2317 764 2349 Canufinae
775 2318 848 2348 lanne
858 2318 889 2348 δι

241 2362 334 2394 vestes
346 2374 379 2394 ex
388 2363 524 2405 antiquis
538 2363 650 2399 Plinio,
660 2363 811 2398 Martiali,
822 2362 889 2393 aliis

241 2417 324 2439 notae
343 2407 421 2439 sunt.
442 2409 601 2444 Africanas
615 2418 673 2450 opes
685 2407 832 2449 intelligit
843 2416 892 2438 tu-

242 2453 327 2484 nicas
338 2464 370 2484 ex
380 2453 484 2484 Africa
495 2453 604 2494 petitas
615 2476 624 2489 ‚
635 2454 681 2484 vel
692 2462 816 2495 propter
828 2462 891 2483 rna-

242 2499 351 2529 teriam
363 2520 372 2534 ,
385 2500 430 2530 vel
442 2508 565 2540 propter
574 2507 670 2529 artem
684 2521 692 2534 ,
704 2498 748 2529 vel
760 2497 890 2540 denique

241 2541 287 2576 ob
296 2545 434 2577 colorem
453 2544 484 2575 in
501 2544 602 2586 pretio
614 2545 644 2577 ὅς
656 2543 747 2577 fama.
772 2542 902 2586 Cafimlz,

971 579 1079 610 Donati
1091 579 1161 619 fimc
1181 578 1214 610 ab
1234 579 1413 614 Atrebaticis
1430 583 1491 615 viri
1508 583 1586 627 peti-

925 623 981 664 αἱ]
1004 627 1046 655 Ex
1068 625 1130 656 Pal.
1151 624 1334 668 legendum:
1354 625 1447 658 donati
1456 630 1527 669 fiant
1547 627 1583 660 ab

930 668 1085 701 Atrabacis
1095 668 1166 701 lnrri
1171 671 1256 713 petiti
1259 670 1427 703 ..Atrabatae
1436 683 1538 706 autem
1549 673 1584 707 in

929 713 1017 746 libris
1029 713 1221 758 frequenter,
1233 725 1291 757 pro
1306 715 1465 748 Atrebatae.
1487 723 1586 751 Atra-

929 759 1015 791 batici
1031 760 1116 796 birri,
1141 760 1207 793 heic
1217 761 1381 798 dicuntur,
1408 762 1585 795 Atrabaticae

923 805 1009 848 fizga.
1039 805 1166 843 birrum,
1183 808 1339 838 lacernam
1360 805 1437 844 effe,
1458 807 1585 840 &chla-

932 850 1069 893 mydem,
1081 852 1235 883 autetiam
1244 850 1349 894 sagum
1358 853 1405 884 vel
1419 854 1586 895 paenularn,

932 906 1044 928 omnes
1055 905 1218 929 noverunt.
1239 896 1296 929 Sed
1308 895 1465 930 sciendum
1480 922 1490 936 ‚
1510 899 1543 930 in
1553 910 1585 933 re

932 940 1059 973 vestium
1079 939 1231 975 sollemne
1246 940 1305 974 esse
1324 944 1438 975 Graecis
1454 943 1591 977 Latinis·>

930 996 1005 1028 que,
1024 995 1057 1018 ut
1068 984 1138 1028 saepe
1148 986 1211 1020 sola
1222 987 1369 1027 adjeffiva
1377 988 1439 1021 fine
1449 987 1587 1022 substan-

929 1032 1001 1063 tivis
1014 1030 1202 1074 usurpentur.
1225 1032 1263 1065 fic
1274 1034 1371 1065 Graeci
1382 1056 1392 1071 ,
1414 1034 1584 1080 πρφυρθῒ,

930 1071 1060 1120 ἷοέκφῆ
1071 1101 1079 1116 ,
1094 1077 1233 1125 κρρκινοι
1247 1080 1318 1124 saepe
1329 1082 1437 1115 dicunt
1449 1105 1458 1120 ,
1474 1084 1504 1115 ὃ(
1518 1082 1586 1117 sub-

929 1130 1109 1174 intelligunt
1128 1126 1259 1169 ἱκρὲπω.
1289 1131 1350 1164 hoc
1367 1133 1485 1165 Latinis
1505 1145 1586 1177 quo-

930 1186 989 1218 que
997 1175 1149 1208 familiare
1158 1176 1198 1209 est
1209 1177 1358 1221 loquendi
1367 1189 1477 1221 genus,
1489 1181 1520 1211 ὃς
1533 1180 1586 1213 ad-

931 1220 1036 1260 {estiva
1060 1221 1186 1254 vestium
1213 1233 1270 1264 pro
1297 1222 1367 1264 ipfis
1389 1221 1584 1259 substantivis

929 1275 1061 1307 ponunt.
1085 1265 1124 1298 {ic
1142 1266 1231 1298 albam
1252 1267 1395 1300 dicebant
1407 1292 1414 1305 ,
1439 1280 1496 1311 pro
1515 1270 1586 1305 alba

928 1312 1046 1344 tunica.
1069 1311 1165 1353 byrrus
1180 1313 1296 1344 Latinis
1309 1313 1391 1345 idem
1404 1314 1490 1357 qnod
1499 1315 1587 1349 rufus

928 1361 975 1392 vel
989 1359 1083 1393 ruffus
1104 1372 1140 1393 ex
1162 1365 1269 1394 Graeco
1293 1357 1418 1403 πυῤῥός.
1460 1360 1584 1405 πυρὁς,

930 1403 1036 1447 byrrus.
1059 1412 1161 1448 Byrrus
1173 1408 1268 1451 igitur
1282 1408 1403 1449 proprie
1413 1407 1583 1448 dicebatur,

930 1456 1050 1489 lacerna
1060 1455 1167 1500 byrra,
1188 1451 1299 1497 πωῤῥός
1316 1452 1488 1496 φνΛνὸλης-
1514 1469 1585 1491 cum

931 1501 1024 1542 byrrus
1038 1512 1140 1534 autem
1150 1502 1302 1533 diceretur
1314 1524 1323 1538 ,
1338 1499 1588 1545 subintelligeba-

932 1555 981 1578 tur
992 1571 1002 1585 ‚
1012 1549 1154 1591 autfizgus
1162 1570 1171 1584 ,
1184 1556 1235 1578 aut
1244 1556 1352 1577 mantus
1364 1568 1373 1582 ,
1384 1557 1435 1578 aut
1447 1546 1584 1586 cucuHus,

932 1602 983 1623 aut
994 1592 1103 1624 habitus
1114 1615 1124 1629 ‚
1141 1602 1191 1624 aut
1201 1592 1317 1634 aliquid
1327 1592 1397 1622 tale.
1425 1595 1498 1624 Tres
1517 1593 1586 1626 heic

932 1646 1149 1670 enumerantur
1168 1636 1186 1669 {2
1205 1635 1339 1679 Vopisco
1349 1635 1512 1678 byrrorum
1522 1636 1587 1680 spe-

933 1683 1007 1719 cies,
1018 1694 1052 1715 ex
1062 1682 1183 1715 diversis
1198 1683 1276 1713 locis
1292 1681 1493 1718 venientium,
1503 1694 1584 1727 quos

935 1729 966 1759 δέ
977 1730 1055 1760 olim
1067 1730 1098 1760 in
1108 1728 1189 1760 fama
1200 1725 1287 1759 fuisse
1297 1749 1306 1764 ‚
1327 1728 1360 1759 &
1373 1726 1466 1770 byrro
1476 1730 1585 1761 colore

911 1788 913 1806 ι
934 1773 1051 1805 constat
1061 1773 1186 1806 tinctos.
1213 1771 1490 1810 Bi'rtiAtrabatici,
1510 1773 1586 1813 ejus-

933 1818 1004 1850 dem
1021 1818 1120 1850 ferme
1141 1818 1257 1850 coloris
1276 1839 1284 1854 ‚
1315 1828 1387 1850 cum
1408 1818 1588 1857 Canufini53

934 1863 993 1895 hoc
1002 1863 1043 1896 est
1055 1863 1163 1906 byrrei.
1178 1861 1227 1895 sed
1236 1863 1485 1905 falluntur‚quod
1496 1867 1586 1896 Atra-

933 1908 1046 1941 baticas
1065 1911 1198 1941 lacernas
1222 1907 1259 1940 ab
1277 1917 1346 1940 atro
1365 1910 1475 1941 colore
1485 1908 1583 1942 distas

933 1953 1060 1991 dicunt,
1086 1965 1156 1986 cum
1185 1964 1301 1986 certum
1321 1952 1354 1985 fit
1367 1976 1377 1991 ‚
1396 1953 1434 1986 ab
1452 1954 1584 1986 Atreba-

933 2000 974 2031 tis
994 2000 1118 2043 populis
1141 2000 1248 2032 Galliae
1266 2000 1443 2042 appellatas.
1475 2001 1583 2031 Salma-

943 2058 997 2077 luI.

927 2044 954 2086 s
975 2092 1082 2122 Donati
1086 2090 1156 2132 ficnt
1165 2090 1200 2121 ab
1209 2088 1388 2122 Atrebaticis
1397 2089 1466 2122 birri
1474 2089 1585 2133 petiti.]

932 2136 1085 2168 Palatinus
1097 2147 1162 2167 non
1172 2133 1310 2178 agnoscit
1319 2135 1461 2167 voculam
1475 2133 1519 2170 ab,
1531 2134 1580 2166 ha-

931 2180 1043 2224 betque
1056 2181 1229 2212 Atrahatitis
1238 2180 1306 2211 birri
1314 2181 1405 2223 petiti.
1423 2177 1535 2212 Videfis
1547 2181 1582 2212 δε

930 2226 968 2257 ad
980 2226 1059 2258 hunc
1068 2227 1175 2258 locum
1186 2224 1296 2267 Jacobi
1307 2224 1428 2258 Nicolai
1439 2224 1583 2267 Epiphyl-

930 2271 1006 2303 lidcs
1025 2271 1108 2304 libro
1126 2270 1230 2308 sexto,
1248 2271 1344 2313 capite
1360 2269 1481 2313 quinto.
1505 2275 1581 2302 Gru-

931 2325 1018 2348 tera!-

973 2372 988 2394 2
996 2385 1002 2392 .
1024 2361 1130 2393 Donati
1138 2361 1208 2392 birri
1219 2358 1514 2401 Canufini,.Aflicanae
1522 2369 1580 2403 opes

909 2441 911 2449 ‚
928 2407 1041 2448 infima
1050 2419 1101 2437 non
1109 2408 1185 2450 prius
1196 2405 1290 2448 vzfia]
1314 2404 1489 2448 Legendum
1501 2415 1509 2435 ε
1528 2404 1580 2435 do-

929 2454 989 2482 nati
999 2451 1077 2492 byr‘n'
1087 2450 1230 2491 Canusini,
1241 2451 1271 2479 A
1274 2451 1384 2490 frianti,
1396 2460 1451 2493 opes
1460 2451 1489 2480 in
1490 2450 1578 2491 scena

927 2510 979 2527 non
988 2499 1064 2539 prius
1075 2497 1151 2538 vzfie.
1176 2496 1221 2529 vel
1233 2519 1242 2534 ,
1254 2508 1295 2528 res
1305 2496 1431 2538 inscaena
1440 2507 1493 2527 non
1500 2496 1578 2538 prius
1601 2532 1603 2534 ¹
1655 2533 1656 2536 Ἴ

926 2543 1002 2581 ufic.
1026 2541 1148 2573 Salmas,

1425 2595 1452 2618 r-
1474 2583 1578 2617 Mirm&
