<?xml version="1.0" encoding="UTF-8"?>
<!DOCTYPE html PUBLIC "-//W3C//DTD XHTML 1.0 Transitional//EN"
    "http://www.w3.org/TR/xhtml1/DTD/xhtml1-transitional.dtd">
<html xmlns="http://www.w3.org/1999/xhtml" xml:lang="en" lang="en">
 <head>
  <title>
</title>
<meta http-equiv="Content-Type" content="text/html;charset=utf-8" />
  <meta name='ocr-system' content='tesseract 3.04.00' />
  <meta name='ocr-capabilities' content='ocr_page ocr_carea ocr_par ocr_line ocrx_word'/>
</head>
<body>
  <div class='ocr_page' id='page_1' title='image "./historiaugust00casa_0848.png"; bbox 0 0 1664 2891; ppageno 0'>
   <div class='ocr_carea' id='block_1_1' title="bbox 223 92 1623 1089">
    <p class='ocr_par' dir='ltr' id='par_1_1' title="bbox 223 92 1623 1089">
     <span class='ocr_line' id='line_1_1' title="bbox 262 92 1392 160; baseline -0.001 -16"><span class='ocrx_word' id='word_1_1' title='bbox 262 96 360 160; x_wconf 70' lang='lat'>834</span> <span class='ocrx_word' id='word_1_2' title='bbox 481 96 709 143; x_wconf 72' lang='lat' dir='ltr'><strong>FLAvn</strong></span> <span class='ocrx_word' id='word_1_3' title='bbox 744 93 1008 142; x_wconf 61' lang='lat' dir='ltr'>Vopism</span> <span class='ocrx_word' id='word_1_4' title='bbox 1043 92 1392 144; x_wconf 72' lang='lat' dir='ltr'>SYRAeus‘u</span> 
     </span>
     <span class='ocr_line' id='line_1_2' title="bbox 263 164 1623 241; baseline 0.003 -18"><span class='ocrx_word' id='word_1_5' title='bbox 263 178 385 224; x_wconf 83' lang='lat' dir='ltr'>cunis</span> <span class='ocrx_word' id='word_1_6' title='bbox 399 164 613 224; x_wconf 48' lang='lat' dir='ltr'>levarsserit</span> <span class='ocrx_word' id='word_1_7' title='bbox 625 211 638 233; x_wconf 88' lang='lat'>‚</span> <span class='ocrx_word' id='word_1_8' title='bbox 668 176 767 223; x_wconf 86' lang='lat' dir='ltr'>&amp;in</span> <span class='ocrx_word' id='word_1_9' title='bbox 780 192 895 222; x_wconf 84' lang='lat' dir='ltr'>aram</span> <span class='ocrx_word' id='word_1_10' title='bbox 908 174 1101 239; x_wconf 83' lang='lat' dir='ltr'>posuerit</span> <span class='ocrx_word' id='word_1_11' title='bbox 1114 215 1126 231; x_wconf 89' lang='lat'>‚</span> <span class='ocrx_word' id='word_1_12' title='bbox 1158 194 1255 241; x_wconf 84' lang='lat' dir='ltr'>quae</span> <span class='ocrx_word' id='word_1_13' title='bbox 1272 175 1400 238; x_wconf 81' lang='lat' dir='ltr'>juxta</span> <span class='ocrx_word' id='word_1_14' title='bbox 1415 175 1623 228; x_wconf 80' lang='lat' dir='ltr'>sacellum</span> 
     </span>
     <span class='ocr_line' id='line_1_3' title="bbox 264 242 1622 308; baseline 0.002 -19"><span class='ocrx_word' id='word_1_15' title='bbox 264 243 379 290; x_wconf 75' lang='lat' dir='ltr'>forte</span> <span class='ocrx_word' id='word_1_16' title='bbox 397 244 483 291; x_wconf 84' lang='lat' dir='ltr'>fine</span> <span class='ocrx_word' id='word_1_17' title='bbox 497 243 670 308; x_wconf 83' lang='lat' dir='ltr'>ignibus</span> <span class='ocrx_word' id='word_1_18' title='bbox 683 256 786 288; x_wconf 85' lang='lat' dir='ltr'>erat.</span> <span class='ocrx_word' id='word_1_19' title='bbox 813 242 933 288; x_wconf 83' lang='lat' dir='ltr'>Idem</span> <span class='ocrx_word' id='word_1_20' title='bbox 947 257 1073 290; x_wconf 80' lang='lat' dir='ltr'>autor</span> <span class='ocrx_word' id='word_1_21' title='bbox 1088 242 1162 298; x_wconf 80' lang='lat' dir='ltr'>est,</span> <span class='ocrx_word' id='word_1_22' title='bbox 1180 244 1369 290; x_wconf 84' lang='lat' dir='ltr'>vitulum</span> <span class='ocrx_word' id='word_1_23' title='bbox 1386 246 1515 292; x_wconf 83' lang='lat' dir='ltr'>matri</span> <span class='ocrx_word' id='word_1_24' title='bbox 1529 246 1622 307; x_wconf 72' lang='lat' dir='ltr'>ejus</span> 
     </span>
     <span class='ocr_line' id='line_1_4' title="bbox 264 308 1621 375; baseline 0.001 -18"><span class='ocrx_word' id='word_1_25' title='bbox 264 321 417 358; x_wconf 85' lang='lat' dir='ltr'>natum</span> <span class='ocrx_word' id='word_1_26' title='bbox 441 311 563 357; x_wconf 83' lang='lat' dir='ltr'>mirae</span> <span class='ocrx_word' id='word_1_27' title='bbox 588 308 903 373; x_wconf 80' lang='lat' dir='ltr'><strong>magnitudinis</strong></span> <span class='ocrx_word' id='word_1_28' title='bbox 919 343 933 364; x_wconf 80' lang='lat'>‚</span> <span class='ocrx_word' id='word_1_29' title='bbox 960 310 1196 356; x_wconf 83' lang='lat' dir='ltr'>candidum</span> <span class='ocrx_word' id='word_1_30' title='bbox 1211 344 1225 366; x_wconf 86' lang='lat'><strong>,</strong></span> <span class='ocrx_word' id='word_1_31' title='bbox 1253 309 1323 357; x_wconf 89' lang='lat' dir='ltr'>sed</span> <span class='ocrx_word' id='word_1_32' title='bbox 1339 313 1621 375; x_wconf 83' lang='lat' dir='ltr'>purpuranti-</span> 
     </span>
     <span class='ocr_line' id='line_1_5' title="bbox 265 373 1620 436; baseline 0.003 -14"><span class='ocrx_word' id='word_1_33' title='bbox 265 376 345 425; x_wconf 81' lang='lat' dir='ltr'>bus</span> <span class='ocrx_word' id='word_1_34' title='bbox 368 376 547 425; x_wconf 81' lang='lat' dir='ltr'>maculis</span> <span class='ocrx_word' id='word_1_35' title='bbox 561 410 575 431; x_wconf 81' lang='lat'>,</span> <span class='ocrx_word' id='word_1_36' title='bbox 601 379 612 401; x_wconf 85' lang='lat'>¹</span> <span class='ocrx_word' id='word_1_37' title='bbox 627 375 685 422; x_wconf 86' lang='lat' dir='ltr'>ita</span> <span class='ocrx_word' id='word_1_38' title='bbox 706 387 755 420; x_wconf 89' lang='lat' dir='ltr'>ut</span> <span class='ocrx_word' id='word_1_39' title='bbox 767 373 944 436; x_wconf 85' lang='lat' dir='ltr'>haberet</span> <span class='ocrx_word' id='word_1_40' title='bbox 957 375 1002 420; x_wconf 88' lang='lat' dir='ltr'>in</span> <span class='ocrx_word' id='word_1_41' title='bbox 1015 374 1145 422; x_wconf 84' lang='lat' dir='ltr'>latere</span> <span class='ocrx_word' id='word_1_42' title='bbox 1157 394 1246 423; x_wconf 87' lang='lat' dir='ltr'>uno</span> <span class='ocrx_word' id='word_1_43' title='bbox 1258 394 1337 424; x_wconf 85' lang='lat' dir='ltr'>ave</span> <span class='ocrx_word' id='word_1_44' title='bbox 1349 411 1363 432; x_wconf 63' lang='lat'>2</span> <span class='ocrx_word' id='word_1_45' title='bbox 1388 379 1433 423; x_wconf 87' lang='lat' dir='ltr'>in</span> <span class='ocrx_word' id='word_1_46' title='bbox 1445 378 1531 425; x_wconf 84' lang='lat' dir='ltr'>alio</span> <span class='ocrx_word' id='word_1_47' title='bbox 1547 397 1620 426; x_wconf 90' lang='lat' dir='ltr'>co-</span> 
     </span>
     <span class='ocr_line' id='line_1_6' title="bbox 223 439 1621 509; baseline 0.001 -20"><span class='ocrx_word' id='word_1_48' title='bbox 223 458 250 507; x_wconf 79' lang='lat'><em>5</em></span> <span class='ocrx_word' id='word_1_49' title='bbox 267 461 433 491; x_wconf 78' lang='lat' dir='ltr'>ronam.</span> <span class='ocrx_word' id='word_1_50' title='bbox 482 442 631 490; x_wconf 79' lang='lat' dir='ltr'>Multa</span> <span class='ocrx_word' id='word_1_51' title='bbox 646 439 859 503; x_wconf 80' lang='lat' dir='ltr'>superflua</span> <span class='ocrx_word' id='word_1_52' title='bbox 872 439 916 484; x_wconf 82' lang='lat' dir='ltr'>in</span> <span class='ocrx_word' id='word_1_53' title='bbox 931 441 1085 487; x_wconf 88' lang='lat' dir='ltr'>eodem</span> <span class='ocrx_word' id='word_1_54' title='bbox 1099 442 1246 505; x_wconf 83' lang='lat' dir='ltr'>legiffe</span> <span class='ocrx_word' id='word_1_55' title='bbox 1259 444 1436 490; x_wconf 87' lang='lat' dir='ltr'>memini</span> <span class='ocrx_word' id='word_1_56' title='bbox 1455 464 1464 491; x_wconf 89' lang='lat'><strong>:</strong></span> <span class='ocrx_word' id='word_1_57' title='bbox 1494 445 1621 509; x_wconf 86' lang='lat' dir='ltr'>quip-</span> 
     </span>
     <span class='ocr_line' id='line_1_7' title="bbox 262 503 1620 576; baseline 0.001 -19"><span class='ocrx_word' id='word_1_58' title='bbox 262 529 318 576; x_wconf 88' lang='lat' dir='ltr'>pe</span> <span class='ocrx_word' id='word_1_59' title='bbox 335 511 408 575; x_wconf 85' lang='lat' dir='ltr'>qui</span> <span class='ocrx_word' id='word_1_60' title='bbox 424 509 629 557; x_wconf 74' lang='lat' dir='ltr'>affeverat</span> <span class='ocrx_word' id='word_1_61' title='bbox 651 507 785 552; x_wconf 85' lang='lat' dir='ltr'>etiam</span> <span class='ocrx_word' id='word_1_62' title='bbox 810 510 824 528; x_wconf 83' lang='lat'>²</span> <span class='ocrx_word' id='word_1_63' title='bbox 839 503 950 552; x_wconf 81' lang='lat' dir='ltr'>rosas</span> <span class='ocrx_word' id='word_1_64' title='bbox 971 505 1016 551; x_wconf 88' lang='lat' dir='ltr'>in</span> <span class='ocrx_word' id='word_1_65' title='bbox 1041 506 1228 569; x_wconf 86' lang='lat' dir='ltr'>ejusdem</span> <span class='ocrx_word' id='word_1_66' title='bbox 1245 511 1435 558; x_wconf 83' lang='lat' dir='ltr'>mulieris</span> <span class='ocrx_word' id='word_1_67' title='bbox 1450 511 1620 567; x_wconf 80' lang='lat' dir='ltr'>chorte,</span> 
     </span>
     <span class='ocr_line' id='line_1_8' title="bbox 264 570 1618 636; baseline 0 -12"><span class='ocrx_word' id='word_1_68' title='bbox 264 591 370 624; x_wconf 78' lang='lat' dir='ltr'>nato</span> <span class='ocrx_word' id='word_1_69' title='bbox 386 570 776 627; x_wconf 76' lang='lat' dir='ltr'>Aureliano,exiffe</span> <span class='ocrx_word' id='word_1_70' title='bbox 789 588 1039 636; x_wconf 78' lang='lat' dir='ltr'>purpureaS,</span> <span class='ocrx_word' id='word_1_71' title='bbox 1051 573 1197 619; x_wconf 88' lang='lat' dir='ltr'>odoris</span> <span class='ocrx_word' id='word_1_72' title='bbox 1210 575 1336 630; x_wconf 83' lang='lat' dir='ltr'>rosei,</span> <span class='ocrx_word' id='word_1_73' title='bbox 1350 577 1468 624; x_wconf 84' lang='lat' dir='ltr'>floris</span> <span class='ocrx_word' id='word_1_74' title='bbox 1484 579 1618 625; x_wconf 86' lang='lat' dir='ltr'>aurei.</span> 
     </span>
     <span class='ocr_line' id='line_1_9' title="bbox 263 637 1621 703; baseline 0.001 -13"><span class='ocrx_word' id='word_1_75' title='bbox 263 646 460 690; x_wconf 86' lang='lat' dir='ltr'>Fuerunt</span> <span class='ocrx_word' id='word_1_76' title='bbox 485 646 528 687; x_wconf 85' lang='lat'>&amp;</span> <span class='ocrx_word' id='word_1_77' title='bbox 549 639 695 703; x_wconf 82' lang='lat' dir='ltr'>postea</span> <span class='ocrx_word' id='word_1_78' title='bbox 722 637 865 684; x_wconf 85' lang='lat' dir='ltr'>multa</span> <span class='ocrx_word' id='word_1_79' title='bbox 887 638 1034 685; x_wconf 84' lang='lat' dir='ltr'>omina</span> <span class='ocrx_word' id='word_1_80' title='bbox 1050 638 1139 700; x_wconf 84' lang='lat' dir='ltr'>jam</span> <span class='ocrx_word' id='word_1_81' title='bbox 1155 640 1361 688; x_wconf 83' lang='lat' dir='ltr'>militanti</span> <span class='ocrx_word' id='word_1_82' title='bbox 1377 641 1542 699; x_wconf 86' lang='lat' dir='ltr'>futuri,</span> <span class='ocrx_word' id='word_1_83' title='bbox 1569 654 1621 691; x_wconf 87' lang='lat' dir='ltr'>ut</span> 
     </span>
     <span class='ocr_line' id='line_1_10' title="bbox 263 704 1617 770; baseline 0.002 -15"><span class='ocrx_word' id='word_1_84' title='bbox 263 726 332 755; x_wconf 84' lang='lat' dir='ltr'>res</span> <span class='ocrx_word' id='word_1_85' title='bbox 348 707 616 762; x_wconf 77' lang='lat' dir='ltr'>monstravit,</span> <span class='ocrx_word' id='word_1_86' title='bbox 635 704 817 770; x_wconf 87' lang='lat' dir='ltr'>imperii.</span> <span class='ocrx_word' id='word_1_87' title='bbox 848 705 968 751; x_wconf 84' lang='lat' dir='ltr'>Nam</span> <span class='ocrx_word' id='word_1_88' title='bbox 982 704 1259 769; x_wconf 82' lang='lat' dir='ltr'>ingrediente</span> <span class='ocrx_word' id='word_1_89' title='bbox 1271 725 1323 753; x_wconf 91' lang='lat' dir='ltr'>eo</span> <span class='ocrx_word' id='word_1_90' title='bbox 1339 710 1617 757; x_wconf 83' lang='lat' dir='ltr'>Antiochiam</span> 
     </span>
     <span class='ocr_line' id='line_1_11' title="bbox 263 771 1615 841; baseline 0.001 -20"><span class='ocrx_word' id='word_1_91' title='bbox 263 775 312 821; x_wconf 85' lang='lat' dir='ltr'>in</span> <span class='ocrx_word' id='word_1_92' title='bbox 327 772 529 821; x_wconf 85' lang='lat' dir='ltr'>vehiculo</span> <span class='ocrx_word' id='word_1_93' title='bbox 543 802 555 822; x_wconf 84' lang='lat'><strong>‚</strong></span> <span class='ocrx_word' id='word_1_94' title='bbox 582 773 699 837; x_wconf 71' lang='lat' dir='ltr'>quod</span> <span class='ocrx_word' id='word_1_95' title='bbox 713 789 803 836; x_wconf 84' lang='lat' dir='ltr'>prae</span> <span class='ocrx_word' id='word_1_96' title='bbox 820 771 1002 818; x_wconf 88' lang='lat' dir='ltr'>vulnere</span> <span class='ocrx_word' id='word_1_97' title='bbox 1016 786 1121 818; x_wconf 86' lang='lat' dir='ltr'>tunc</span> <span class='ocrx_word' id='word_1_98' title='bbox 1136 790 1246 838; x_wconf 89' lang='lat' dir='ltr'>equo</span> <span class='ocrx_word' id='word_1_99' title='bbox 1259 772 1401 820; x_wconf 87' lang='lat' dir='ltr'>sedere</span> <span class='ocrx_word' id='word_1_100' title='bbox 1416 792 1503 821; x_wconf 89' lang='lat' dir='ltr'>non</span> <span class='ocrx_word' id='word_1_101' title='bbox 1519 775 1615 841; x_wconf 88' lang='lat' dir='ltr'>pos-</span> 
     </span>
     <span class='ocr_line' id='line_1_12' title="bbox 264 839 1618 904; baseline 0.001 -17"><span class='ocrx_word' id='word_1_102' title='bbox 264 840 327 887; x_wconf 86' lang='lat' dir='ltr'>set</span> <span class='ocrx_word' id='word_1_103' title='bbox 341 879 351 895; x_wconf 93' lang='lat'><strong><em>,</em></strong></span> <span class='ocrx_word' id='word_1_104' title='bbox 383 842 444 887; x_wconf 83' lang='lat' dir='ltr'>ita</span> <span class='ocrx_word' id='word_1_105' title='bbox 465 839 644 903; x_wconf 81' lang='lat' dir='ltr'>pallium</span> <span class='ocrx_word' id='word_1_106' title='bbox 670 855 938 902; x_wconf 85' lang='lat' dir='ltr'>purpureum</span> <span class='ocrx_word' id='word_1_107' title='bbox 952 876 963 891; x_wconf 88' lang='lat'><em>,</em></span> <span class='ocrx_word' id='word_1_108' title='bbox 994 839 1201 904; x_wconf 81' lang='lat' dir='ltr'>³quodin</span> <span class='ocrx_word' id='word_1_109' title='bbox 1217 840 1426 887; x_wconf 88' lang='lat' dir='ltr'>honorem</span> <span class='ocrx_word' id='word_1_110' title='bbox 1442 841 1532 903; x_wconf 83' lang='lat' dir='ltr'>ejus</span> <span class='ocrx_word' id='word_1_111' title='bbox 1544 861 1618 891; x_wconf 85' lang='lat' dir='ltr'>ex-</span> 
     </span>
     <span class='ocr_line' id='line_1_13' title="bbox 263 904 1619 972; baseline 0.002 -18"><span class='ocrx_word' id='word_1_112' title='bbox 263 907 445 972; x_wconf 80' lang='lat' dir='ltr'>pansum</span> <span class='ocrx_word' id='word_1_113' title='bbox 458 905 613 961; x_wconf 86' lang='lat' dir='ltr'>fuerat,</span> <span class='ocrx_word' id='word_1_114' title='bbox 628 905 792 953; x_wconf 90' lang='lat' dir='ltr'>decidit</span> <span class='ocrx_word' id='word_1_115' title='bbox 807 919 856 951; x_wconf 92' lang='lat' dir='ltr'>ut</span> <span class='ocrx_word' id='word_1_116' title='bbox 872 904 1075 952; x_wconf 81' lang='lat' dir='ltr'>humeros</span> <span class='ocrx_word' id='word_1_117' title='bbox 1091 905 1178 966; x_wconf 85' lang='lat' dir='ltr'>ejus</span> <span class='ocrx_word' id='word_1_118' title='bbox 1195 921 1377 971; x_wconf 82' lang='lat' dir='ltr'>tegeret.</span> <span class='ocrx_word' id='word_1_119' title='bbox 1412 909 1469 953; x_wconf 93' lang='lat' dir='ltr'>Et</span> <span class='ocrx_word' id='word_1_120' title='bbox 1482 925 1619 972; x_wconf 87' lang='lat' dir='ltr'>quum</span> 
     </span>
     <span class='ocr_line' id='line_1_14' title="bbox 262 971 1621 1040; baseline 0.001 -20"><span class='ocrx_word' id='word_1_121' title='bbox 262 991 309 1021; x_wconf 66' lang='lat' dir='ltr'>in</span> <span class='ocrx_word' id='word_1_122' title='bbox 325 991 484 1040; x_wconf 85' lang='lat' dir='ltr'>equum</span> <span class='ocrx_word' id='word_1_123' title='bbox 498 972 677 1021; x_wconf 76' lang='lat' dir='ltr'>transire</span> <span class='ocrx_word' id='word_1_124' title='bbox 691 971 838 1027; x_wconf 87' lang='lat' dir='ltr'>vellet,</span> <span class='ocrx_word' id='word_1_125' title='bbox 855 972 987 1037; x_wconf 75' lang='lat' dir='ltr'>4quia</span> <span class='ocrx_word' id='word_1_126' title='bbox 998 971 1263 1020; x_wconf 87' lang='lat' dir='ltr'>invidiosum</span> <span class='ocrx_word' id='word_1_127' title='bbox 1280 988 1383 1021; x_wconf 89' lang='lat' dir='ltr'>tunc</span> <span class='ocrx_word' id='word_1_128' title='bbox 1395 988 1484 1021; x_wconf 88' lang='lat' dir='ltr'>erat</span> <span class='ocrx_word' id='word_1_129' title='bbox 1497 976 1621 1023; x_wconf 88' lang='lat' dir='ltr'>vehi-</span> 
     </span>
     <span class='ocr_line' id='line_1_15' title="bbox 1511 1042 1621 1089; baseline 0.018 -2"><span class='ocrx_word' id='word_1_130' title='bbox 1511 1042 1621 1089; x_wconf 83' lang='lat' dir='ltr'>culis</span> 
     </span>
    </p>
   </div>
   <div class='ocr_carea' id='block_1_2' title="bbox 260 1122 1617 1175">
    <p class='ocr_par' dir='ltr' id='par_1_2' title="bbox 260 1122 1617 1175">
     <span class='ocr_line' id='line_1_16' title="bbox 260 1122 1617 1175; baseline 0.001 -12"><span class='ocrx_word' id='word_1_131' title='bbox 260 1128 440 1173; x_wconf 87' lang='lat' dir='ltr'>cipiendum</span> <span class='ocrx_word' id='word_1_132' title='bbox 451 1130 489 1163; x_wconf 90' lang='lat' dir='ltr'>de</span> <span class='ocrx_word' id='word_1_133' title='bbox 497 1141 530 1163; x_wconf 80' lang='lat' dir='ltr'>ea</span> <span class='ocrx_word' id='word_1_134' title='bbox 540 1129 667 1163; x_wconf 81' lang='lat' dir='ltr'>fasciola</span> <span class='ocrx_word' id='word_1_135' title='bbox 678 1141 736 1174; x_wconf 87' lang='lat' dir='ltr'>qua</span> <span class='ocrx_word' id='word_1_136' title='bbox 746 1129 868 1164; x_wconf 68' lang='lat' dir='ltr'>Vindius</span> <span class='ocrx_word' id='word_1_137' title='bbox 887 1130 920 1162; x_wconf 89' lang='lat' dir='ltr'>in</span> <span class='ocrx_word' id='word_1_138' title='bbox 938 1122 942 1169; x_wconf 75' lang='lat' dir='ltr'>l</span> <span class='ocrx_word' id='word_1_139' title='bbox 958 1140 1009 1162; x_wconf 65' lang='lat' dir='ltr'>ave</span> <span class='ocrx_word' id='word_1_140' title='bbox 1029 1127 1064 1163; x_wconf 85' lang='lat' dir='ltr'>fit</span> <span class='ocrx_word' id='word_1_141' title='bbox 1083 1139 1178 1163; x_wconf 83' lang='lat' dir='ltr'>omen</span> <span class='ocrx_word' id='word_1_142' title='bbox 1199 1130 1317 1165; x_wconf 58' lang='lat' dir='ltr'>fafitum</span> <span class='ocrx_word' id='word_1_143' title='bbox 1337 1131 1460 1175; x_wconf 82' lang='lat' dir='ltr'>imperii</span> <span class='ocrx_word' id='word_1_144' title='bbox 1479 1131 1617 1165; x_wconf 81' lang='lat' dir='ltr'>nascenti</span> 
     </span>
    </p>
   </div>
   <div class='ocr_carea' id='block_1_3' title="bbox 260 1175 1620 1266">
    <p class='ocr_par' dir='ltr' id='par_1_3' title="bbox 260 1175 1620 1266">
     <span class='ocr_line' id='line_1_17' title="bbox 261 1175 1620 1223; baseline 0.003 -16"><span class='ocrx_word' id='word_1_145' title='bbox 261 1177 350 1208; x_wconf 90' lang='lat' dir='ltr'>cunis</span> <span class='ocrx_word' id='word_1_146' title='bbox 361 1177 478 1213; x_wconf 61' lang='lat' dir='ltr'>etan&amp;</span> <span class='ocrx_word' id='word_1_147' title='bbox 491 1176 529 1209; x_wconf 80' lang='lat' dir='ltr'>ad</span> <span class='ocrx_word' id='word_1_148' title='bbox 539 1187 631 1209; x_wconf 85' lang='lat' dir='ltr'>cunas</span> <span class='ocrx_word' id='word_1_149' title='bbox 643 1176 731 1220; x_wconf 84' lang='lat' dir='ltr'>ipsas.</span> <span class='ocrx_word' id='word_1_150' title='bbox 755 1176 919 1218; x_wconf 81' lang='lat' dir='ltr'>dupliciter</span> <span class='ocrx_word' id='word_1_151' title='bbox 961 1177 1131 1209; x_wconf 85' lang='lat' dir='ltr'>Aureliano</span> <span class='ocrx_word' id='word_1_152' title='bbox 1146 1199 1155 1214; x_wconf 94' lang='lat'>‚</span> <span class='ocrx_word' id='word_1_153' title='bbox 1174 1175 1244 1209; x_wconf 83' lang='lat' dir='ltr'>satis</span> <span class='ocrx_word' id='word_1_154' title='bbox 1256 1178 1434 1221; x_wconf 84' lang='lat' dir='ltr'>intelligent</span> <span class='ocrx_word' id='word_1_155' title='bbox 1445 1179 1494 1211; x_wconf 87' lang='lat' dir='ltr'>illi</span> <span class='ocrx_word' id='word_1_156' title='bbox 1505 1177 1620 1223; x_wconf 84' lang='lat' dir='ltr'>quibus</span> 
     </span>
     <span class='ocr_line' id='line_1_18' title="bbox 260 1220 1408 1266; baseline 0.002 -13"><span class='ocrx_word' id='word_1_157' title='bbox 260 1222 346 1254; x_wconf 84' lang='lat' dir='ltr'>enim</span> <span class='ocrx_word' id='word_1_158' title='bbox 357 1221 677 1266; x_wconf 81' lang='lat' dir='ltr'>vinciebanturpueri.</span> <span class='ocrx_word' id='word_1_159' title='bbox 706 1222 840 1264; x_wconf 85' lang='lat' dir='ltr'>primum</span> <span class='ocrx_word' id='word_1_160' title='bbox 854 1222 917 1254; x_wconf 86' lang='lat' dir='ltr'>illis</span> <span class='ocrx_word' id='word_1_161' title='bbox 961 1231 1020 1254; x_wconf 91' lang='lat' dir='ltr'>nos</span> <span class='ocrx_word' id='word_1_162' title='bbox 1031 1220 1264 1254; x_wconf 80' lang='lat' dir='ltr'>istascribimus.</span> <span class='ocrx_word' id='word_1_163' title='bbox 1291 1225 1408 1266; x_wconf 73' lang='lat' dir='ltr'>Salmas.</span> 
     </span>
    </p>
   </div>
   <div class='ocr_carea' id='block_1_4' title="bbox 260 1266 918 1311">
    <p class='ocr_par' dir='ltr' id='par_1_4' title="bbox 260 1266 918 1311">
     <span class='ocr_line' id='line_1_19' title="bbox 260 1266 918 1311; baseline 0 -12"><span class='ocrx_word' id='word_1_164' title='bbox 260 1267 396 1300; x_wconf 86' lang='lat' dir='ltr'>vinculis</span> <span class='ocrx_word' id='word_1_165' title='bbox 408 1270 440 1300; x_wconf 68' lang='grc' dir='ltr'>ὅ(</span> <span class='ocrx_word' id='word_1_166' title='bbox 451 1266 552 1300; x_wconf 79' lang='lat' dir='ltr'>fasciis</span> <span class='ocrx_word' id='word_1_167' title='bbox 563 1291 572 1306; x_wconf 88' lang='lat'>,</span> <span class='ocrx_word' id='word_1_168' title='bbox 595 1267 706 1311; x_wconf 88' lang='lat' dir='ltr'>quibus</span> <span class='ocrx_word' id='word_1_169' title='bbox 717 1266 918 1300; x_wconf 82' lang='lat' dir='ltr'>involveban-</span> 
     </span>
    </p>
   </div>
   <div class='ocr_carea' id='block_1_5' title="bbox 1005 1263 1618 1311">
    <p class='ocr_par' dir='ltr' id='par_1_5' title="bbox 1005 1263 1618 1311">
     <span class='ocr_line' id='line_1_20' title="bbox 1005 1263 1618 1311; baseline 0.003 -13"><span class='ocrx_word' id='word_1_170' title='bbox 1005 1277 1020 1299; x_wconf 84' lang='lat'>2</span> <span class='ocrx_word' id='word_1_171' title='bbox 1028 1289 1035 1297; x_wconf 85' lang='grc'><strong>.</strong></span> <span class='ocrx_word' id='word_1_172' title='bbox 1062 1269 1148 1309; x_wconf 60' lang='lat' dir='ltr'>Rofiu</span> <span class='ocrx_word' id='word_1_173' title='bbox 1158 1267 1243 1308; x_wconf 56' lang='lat' dir='ltr'>cariffi.³</span> <span class='ocrx_word' id='word_1_174' title='bbox 1251 1263 1400 1311; x_wconf 52' lang='lat' dir='ltr'>purpureas</span> <span class='ocrx_word' id='word_1_175' title='bbox 1413 1292 1422 1306; x_wconf 91' lang='lat'><strong>,</strong></span> <span class='ocrx_word' id='word_1_176' title='bbox 1433 1268 1524 1302; x_wconf 70' lang='lat' dir='ltr'>odoris</span> <span class='ocrx_word' id='word_1_177' title='bbox 1534 1270 1618 1311; x_wconf 76' lang='lat' dir='ltr'>rofii,</span> 
     </span>
    </p>
   </div>
   <div class='ocr_carea' id='block_1_6' title="bbox 263 1311 1617 1357">
    <p class='ocr_par' dir='ltr' id='par_1_6' title="bbox 263 1311 1617 1357">
     <span class='ocr_line' id='line_1_21' title="bbox 263 1311 1617 1357; baseline -0.001 -10"><span class='ocrx_word' id='word_1_178' title='bbox 263 1321 328 1349; x_wconf 81' lang='lat' dir='ltr'>tur,</span> <span class='ocrx_word' id='word_1_179' title='bbox 339 1314 371 1345; x_wconf 71' lang='grc' dir='ltr'>ἅ</span> <span class='ocrx_word' id='word_1_180' title='bbox 383 1324 448 1356; x_wconf 82' lang='lat' dir='ltr'>quae</span> <span class='ocrx_word' id='word_1_181' title='bbox 458 1312 526 1356; x_wconf 71' lang='lat' dir='ltr'>ipsis</span> <span class='ocrx_word' id='word_1_182' title='bbox 539 1323 624 1346; x_wconf 83' lang='lat' dir='ltr'>erant</span> <span class='ocrx_word' id='word_1_183' title='bbox 634 1324 689 1356; x_wconf 81' lang='lat' dir='ltr'>pro</span> <span class='ocrx_word' id='word_1_184' title='bbox 700 1312 788 1346; x_wconf 81' lang='lat' dir='ltr'>veste.</span> <span class='ocrx_word' id='word_1_185' title='bbox 807 1313 919 1345; x_wconf 88' lang='lat' dir='ltr'>deinde</span> <span class='ocrx_word' id='word_1_186' title='bbox 954 1311 1037 1353; x_wconf 69' lang='lat' dir='ltr'>floris</span> <span class='ocrx_word' id='word_1_187' title='bbox 1057 1314 1165 1354; x_wconf 55' lang='lat' dir='ltr'>aurini]</span> <span class='ocrx_word' id='word_1_188' title='bbox 1190 1312 1368 1357; x_wconf 80' lang='lat' dir='ltr'>Qomodo</span> <span class='ocrx_word' id='word_1_189' title='bbox 1381 1325 1534 1357; x_wconf 67' lang='lat' dir='ltr'>purpurea:</span> <span class='ocrx_word' id='word_1_190' title='bbox 1545 1313 1617 1346; x_wconf 67' lang='lat' dir='ltr'>rosae</span> 
     </span>
    </p>
   </div>
   <div class='ocr_carea' id='block_1_7' title="bbox 252 1357 920 2175">
    <p class='ocr_par' dir='ltr' id='par_1_7' title="bbox 259 1357 920 1755">
     <span class='ocr_line' id='line_1_22' title="bbox 260 1357 917 1403; baseline 0 -12"><span class='ocrx_word' id='word_1_191' title='bbox 260 1359 357 1391; x_wconf 76' lang='lat' dir='ltr'>etiam</span> <span class='ocrx_word' id='word_1_192' title='bbox 376 1357 503 1391; x_wconf 82' lang='lat' dir='ltr'>fasciola</span> <span class='ocrx_word' id='word_1_193' title='bbox 516 1359 618 1403; x_wconf 80' lang='lat' dir='ltr'>aliqua</span> <span class='ocrx_word' id='word_1_194' title='bbox 629 1360 661 1391; x_wconf 91' lang='lat' dir='ltr'>in</span> <span class='ocrx_word' id='word_1_195' title='bbox 672 1359 759 1391; x_wconf 88' lang='lat' dir='ltr'>cunis</span> <span class='ocrx_word' id='word_1_196' title='bbox 770 1358 838 1401; x_wconf 86' lang='lat' dir='ltr'>ipfis</span> <span class='ocrx_word' id='word_1_197' title='bbox 851 1360 917 1391; x_wconf 86' lang='lat' dir='ltr'>col-</span> 
     </span>
     <span class='ocr_line' id='line_1_23' title="bbox 259 1403 920 1448; baseline -0.002 -11"><span class='ocrx_word' id='word_1_198' title='bbox 259 1405 379 1442; x_wconf 76' lang='lat' dir='ltr'>locati,</span> <span class='ocrx_word' id='word_1_199' title='bbox 400 1403 592 1448; x_wconf 79' lang='lat' dir='ltr'>ligabantur,</span> <span class='ocrx_word' id='word_1_200' title='bbox 616 1416 654 1437; x_wconf 90' lang='lat' dir='ltr'>ne</span> <span class='ocrx_word' id='word_1_201' title='bbox 672 1405 760 1437; x_wconf 88' lang='lat' dir='ltr'>cunis</span> <span class='ocrx_word' id='word_1_202' title='bbox 780 1404 920 1436; x_wconf 81' lang='lat' dir='ltr'>decidere</span> 
     </span>
     <span class='ocr_line' id='line_1_24' title="bbox 261 1448 914 1493; baseline -0.002 -11"><span class='ocrx_word' id='word_1_203' title='bbox 261 1448 385 1493; x_wconf 78' lang='lat' dir='ltr'>possent</span> <span class='ocrx_word' id='word_1_204' title='bbox 404 1460 456 1482; x_wconf 79' lang='lat' dir='ltr'>aut</span> <span class='ocrx_word' id='word_1_205' title='bbox 476 1450 566 1483; x_wconf 79' lang='lat' dir='ltr'>elabi.</span> <span class='ocrx_word' id='word_1_206' title='bbox 588 1450 674 1493; x_wconf 88' lang='lat' dir='ltr'>quod</span> <span class='ocrx_word' id='word_1_207' title='bbox 692 1450 848 1493; x_wconf 85' lang='lat' dir='ltr'>hodieque</span> <span class='ocrx_word' id='word_1_208' title='bbox 868 1450 914 1482; x_wconf 89' lang='lat' dir='ltr'>fit.</span> 
     </span>
     <span class='ocr_line' id='line_1_25' title="bbox 262 1493 918 1539; baseline 0 -12"><span class='ocrx_word' id='word_1_209' title='bbox 262 1496 303 1528; x_wconf 89' lang='lat' dir='ltr'>de</span> <span class='ocrx_word' id='word_1_210' title='bbox 328 1506 386 1539; x_wconf 80' lang='lat' dir='ltr'>qua</span> <span class='ocrx_word' id='word_1_211' title='bbox 403 1494 529 1528; x_wconf 77' lang='lat' dir='ltr'>fasciola</span> <span class='ocrx_word' id='word_1_212' title='bbox 550 1498 640 1529; x_wconf 86' lang='lat' dir='ltr'>locus</span> <span class='ocrx_word' id='word_1_213' title='bbox 660 1496 708 1528; x_wconf 92' lang='lat' dir='ltr'>hic</span> <span class='ocrx_word' id='word_1_214' title='bbox 726 1493 850 1528; x_wconf 78' lang='lat' dir='ltr'>fortasse</span> <span class='ocrx_word' id='word_1_215' title='bbox 873 1506 918 1527; x_wconf 88' lang='lat' dir='ltr'>ca-</span> 
     </span>
     <span class='ocr_line' id='line_1_26' title="bbox 261 1541 920 1585; baseline 0.002 -13"><span class='ocrx_word' id='word_1_216' title='bbox 261 1541 404 1583; x_wconf 76' lang='lat' dir='ltr'>piendus.</span> <span class='ocrx_word' id='word_1_217' title='bbox 429 1542 521 1585; x_wconf 88' lang='lat' dir='ltr'>idque</span> <span class='ocrx_word' id='word_1_218' title='bbox 531 1542 625 1574; x_wconf 85' lang='lat' dir='ltr'>etiam</span> <span class='ocrx_word' id='word_1_219' title='bbox 637 1541 777 1585; x_wconf 84' lang='lat' dir='ltr'>augendo</span> <span class='ocrx_word' id='word_1_220' title='bbox 789 1541 920 1573; x_wconf 81' lang='lat' dir='ltr'>miracu-</span> 
     </span>
     <span class='ocr_line' id='line_1_27' title="bbox 261 1585 914 1631; baseline 0 -13"><span class='ocrx_word' id='word_1_221' title='bbox 261 1587 297 1618; x_wconf 86' lang='lat' dir='ltr'>lo</span> <span class='ocrx_word' id='word_1_222' title='bbox 306 1585 349 1618; x_wconf 87' lang='lat' dir='ltr'>est</span> <span class='ocrx_word' id='word_1_223' title='bbox 359 1609 368 1624; x_wconf 89' lang='lat'><strong>,</strong></span> <span class='ocrx_word' id='word_1_224' title='bbox 386 1589 522 1631; x_wconf 79' lang='lat' dir='ltr'>aquilam</span> <span class='ocrx_word' id='word_1_225' title='bbox 533 1586 663 1630; x_wconf 78' lang='lat' dir='ltr'>potuisse</span> <span class='ocrx_word' id='word_1_226' title='bbox 673 1598 801 1630; x_wconf 85' lang='lat' dir='ltr'>puerum</span> <span class='ocrx_word' id='word_1_227' title='bbox 816 1586 852 1619; x_wconf 92' lang='lat' dir='ltr'>de</span> <span class='ocrx_word' id='word_1_228' title='bbox 863 1597 914 1618; x_wconf 85' lang='lat' dir='ltr'>cu-</span> 
     </span>
     <span class='ocr_line' id='line_1_28' title="bbox 261 1631 916 1672; baseline 0.002 -9"><span class='ocrx_word' id='word_1_229' title='bbox 261 1632 311 1664; x_wconf 85' lang='lat' dir='ltr'>nis</span> <span class='ocrx_word' id='word_1_230' title='bbox 323 1633 422 1664; x_wconf 80' lang='lat' dir='ltr'>levare</span> <span class='ocrx_word' id='word_1_231' title='bbox 430 1631 557 1665; x_wconf 84' lang='lat' dir='ltr'>fasciola</span> <span class='ocrx_word' id='word_1_232' title='bbox 567 1633 716 1665; x_wconf 62' lang='lat' dir='ltr'>vindicum:</span> <span class='ocrx_word' id='word_1_233' title='bbox 727 1643 797 1664; x_wconf 84' lang='lat' dir='ltr'>nam</span> <span class='ocrx_word' id='word_1_234' title='bbox 808 1632 841 1672; x_wconf 86' lang='lat' dir='ltr'>id</span> <span class='ocrx_word' id='word_1_235' title='bbox 851 1632 916 1664; x_wconf 86' lang='lat' dir='ltr'>fieri</span> 
     </span>
     <span class='ocr_line' id='line_1_29' title="bbox 260 1676 914 1721; baseline 0.003 -13"><span class='ocrx_word' id='word_1_236' title='bbox 260 1678 314 1721; x_wconf 88' lang='lat' dir='ltr'>qui</span> <span class='ocrx_word' id='word_1_237' title='bbox 325 1679 428 1719; x_wconf 85' lang='lat' dir='ltr'>potuit</span> <span class='ocrx_word' id='word_1_238' title='bbox 443 1678 497 1711; x_wconf 87' lang='lat' dir='ltr'>nifi</span> <span class='ocrx_word' id='word_1_239' title='bbox 508 1687 596 1721; x_wconf 82' lang='lat' dir='ltr'>rupta</span> <span class='ocrx_word' id='word_1_240' title='bbox 607 1688 658 1711; x_wconf 83' lang='lat' dir='ltr'>aut</span> <span class='ocrx_word' id='word_1_241' title='bbox 668 1677 767 1711; x_wconf 83' lang='lat' dir='ltr'>soluta</span> <span class='ocrx_word' id='word_1_242' title='bbox 776 1676 914 1712; x_wconf 79' lang='lat' dir='ltr'>fasciola?</span> 
     </span>
     <span class='ocr_line' id='line_1_30' title="bbox 260 1723 351 1755; baseline -0.044 0"><span class='ocrx_word' id='word_1_243' title='bbox 260 1723 351 1755; x_wconf 77' lang='lat' dir='ltr'>Idem.</span> 
     </span>
    </p>

    <p class='ocr_par' dir='ltr' id='par_1_8' title="bbox 252 1769 916 1892">
     <span class='ocr_line' id='line_1_31' title="bbox 307 1769 916 1809; baseline 0.002 -9"><span class='ocrx_word' id='word_1_244' title='bbox 307 1771 326 1791; x_wconf 83' lang='lat'><strong>*</strong></span> <span class='ocrx_word' id='word_1_245' title='bbox 356 1769 612 1809; x_wconf 71' lang='lat' dir='ltr'>VinHumfafit&#39;ola</span> <span class='ocrx_word' id='word_1_246' title='bbox 623 1769 916 1809; x_wconf 71' lang='lat' dir='ltr'>Aurelianum.]1³al.</span> 
     </span>
     <span class='ocr_line' id='line_1_32' title="bbox 252 1814 914 1858; baseline 0.002 -14"><span class='ocrx_word' id='word_1_247' title='bbox 252 1814 418 1855; x_wconf 57' lang='lat' dir='ltr'>quceolnm.</span> <span class='ocrx_word' id='word_1_248' title='bbox 439 1816 473 1847; x_wconf 73' lang='grc' dir='ltr'>ὅ(</span> <span class='ocrx_word' id='word_1_249' title='bbox 483 1814 500 1848; x_wconf 71' lang='grc' dir='ltr'>Ξι</span> <span class='ocrx_word' id='word_1_250' title='bbox 512 1816 632 1847; x_wconf 80' lang='lat' dir='ltr'>calamo</span> <span class='ocrx_word' id='word_1_251' title='bbox 642 1815 758 1848; x_wconf 84' lang='lat' dir='ltr'>recenti</span> <span class='ocrx_word' id='word_1_252' title='bbox 771 1817 914 1858; x_wconf 54' lang='lat' dir='ltr'>,fasceola</span> 
     </span>
     <span class='ocr_line' id='line_1_33' title="bbox 264 1862 356 1892; baseline -0.011 0"><span class='ocrx_word' id='word_1_253' title='bbox 264 1862 356 1892; x_wconf 83' lang='lat' dir='ltr'>Grut.</span> 
     </span>
    </p>

    <p class='ocr_par' dir='ltr' id='par_1_9' title="bbox 259 1903 917 2084">
     <span class='ocr_line' id='line_1_34' title="bbox 315 1903 915 1948; baseline 0.002 -13"><span class='ocrx_word' id='word_1_254' title='bbox 315 1908 329 1939; x_wconf 84' lang='lat'>†</span> <span class='ocrx_word' id='word_1_255' title='bbox 353 1906 548 1938; x_wconf 48' lang='lat' dir='ltr'>‘Aurelianum</span> <span class='ocrx_word' id='word_1_256' title='bbox 565 1907 658 1948; x_wconf 74' lang='lat' dir='ltr'>aquila</span> <span class='ocrx_word' id='word_1_257' title='bbox 672 1906 785 1937; x_wconf 58' lang='lat' dir='ltr'>innoxie)</span> <span class='ocrx_word' id='word_1_258' title='bbox 795 1903 828 1936; x_wconf 78' lang='lat' dir='ltr'>dc</span> <span class='ocrx_word' id='word_1_259' title='bbox 840 1905 915 1937; x_wconf 67' lang='lat' dir='ltr'>cunis</span> 
     </span>
     <span class='ocr_line' id='line_1_35' title="bbox 259 1951 917 1994; baseline 0.003 -13"><span class='ocrx_word' id='word_1_260' title='bbox 259 1951 428 1992; x_wconf 57' lang='lat' dir='ltr'>levaverit]</span> <span class='ocrx_word' id='word_1_261' title='bbox 454 1954 603 1994; x_wconf 75' lang='lat' dir='ltr'>Magnum</span> <span class='ocrx_word' id='word_1_262' title='bbox 624 1962 703 1983; x_wconf 82' lang='lat' dir='ltr'>onus</span> <span class='ocrx_word' id='word_1_263' title='bbox 720 1961 776 1993; x_wconf 79' lang='lat' dir='ltr'>pro</span> <span class='ocrx_word' id='word_1_264' title='bbox 787 1962 917 1993; x_wconf 83' lang='lat' dir='ltr'>corpore</span> 
     </span>
     <span class='ocr_line' id='line_1_36' title="bbox 260 1996 916 2040; baseline 0.002 -13"><span class='ocrx_word' id='word_1_265' title='bbox 260 1997 379 2040; x_wconf 75' lang='lat' dir='ltr'>aquilae·</span> <span class='ocrx_word' id='word_1_266' title='bbox 403 1996 472 2028; x_wconf 89' lang='lat' dir='ltr'>vide</span> <span class='ocrx_word' id='word_1_267' title='bbox 486 1998 643 2028; x_wconf 68' lang='lat' dir='ltr'>ffilianum</span> <span class='ocrx_word' id='word_1_268' title='bbox 663 1996 730 2029; x_wconf 84' lang='lat' dir='ltr'>hist.</span> <span class='ocrx_word' id='word_1_269' title='bbox 742 1997 867 2029; x_wconf 80' lang='lat' dir='ltr'>animal.</span> <span class='ocrx_word' id='word_1_270' title='bbox 881 1998 916 2029; x_wconf 87' lang='lat' dir='ltr'>li-</span> 
     </span>
     <span class='ocr_line' id='line_1_37' title="bbox 260 2040 707 2084; baseline 0 -10"><span class='ocrx_word' id='word_1_271' title='bbox 260 2040 320 2074; x_wconf 80' lang='lat' dir='ltr'>bro</span> <span class='ocrx_word' id='word_1_272' title='bbox 333 2055 399 2074; x_wconf 78' lang='lat' dir='ltr'>xi1.</span> <span class='ocrx_word' id='word_1_273' title='bbox 415 2052 551 2084; x_wconf 76' lang='lat' dir='ltr'>cap.xx1</span> <span class='ocrx_word' id='word_1_274' title='bbox 562 2060 570 2068; x_wconf 90' lang='lat'><strong>·</strong></span> <span class='ocrx_word' id='word_1_275' title='bbox 591 2042 707 2083; x_wconf 75' lang='lat' dir='ltr'>Cafizub.</span> 
     </span>
    </p>

    <p class='ocr_par' dir='ltr' id='par_1_10' title="bbox 258 2087 914 2175">
     <span class='ocr_line' id='line_1_38' title="bbox 308 2087 913 2125; baseline -0.003 -5"><span class='ocrx_word' id='word_1_276' title='bbox 308 2098 337 2120; x_wconf 83' lang='lat'>1·</span> <span class='ocrx_word' id='word_1_277' title='bbox 360 2090 409 2118; x_wconf 77' lang='lat' dir='ltr'>lta</span> <span class='ocrx_word' id='word_1_278' title='bbox 419 2097 449 2118; x_wconf 78' lang='lat' dir='ltr'>ut</span> <span class='ocrx_word' id='word_1_279' title='bbox 459 2087 568 2119; x_wconf 59' lang='lat' dir='ltr'>lmbvrvt</span> <span class='ocrx_word' id='word_1_280' title='bbox 579 2088 608 2118; x_wconf 83' lang='lat' dir='ltr'>in</span> <span class='ocrx_word' id='word_1_281' title='bbox 619 2090 700 2118; x_wconf 68' lang='lat' dir='ltr'>lam-e</span> <span class='ocrx_word' id='word_1_282' title='bbox 710 2100 761 2119; x_wconf 83' lang='lat' dir='ltr'>uno</span> <span class='ocrx_word' id='word_1_283' title='bbox 774 2097 854 2119; x_wconf 64' lang='lat' dir='ltr'>avem</span> <span class='ocrx_word' id='word_1_284' title='bbox 864 2110 873 2125; x_wconf 90' lang='lat'><em>,</em></span> <span class='ocrx_word' id='word_1_285' title='bbox 883 2089 913 2118; x_wconf 79' lang='lat' dir='ltr'>in</span> 
     </span>
     <span class='ocr_line' id='line_1_39' title="bbox 258 2132 914 2175; baseline 0.002 -12"><span class='ocrx_word' id='word_1_286' title='bbox 258 2133 313 2163; x_wconf 80' lang='lat' dir='ltr'>alio</span> <span class='ocrx_word' id='word_1_287' title='bbox 327 2132 482 2173; x_wconf 66' lang='lat' dir='ltr'>coronam]</span> <span class='ocrx_word' id='word_1_288' title='bbox 504 2132 601 2165; x_wconf 86' lang='lat' dir='ltr'>Video</span> <span class='ocrx_word' id='word_1_289' title='bbox 614 2132 739 2175; x_wconf 84' lang='lat' dir='ltr'>quidem</span> <span class='ocrx_word' id='word_1_290' title='bbox 752 2144 914 2171; x_wconf 73' lang='lat' dir='ltr'>coronam,</span> 
     </span>
    </p>
   </div>
   <div class='ocr_carea' id='block_1_8' title="bbox 955 1357 1652 2176">
    <p class='ocr_par' dir='ltr' id='par_1_11' title="bbox 955 1357 1652 2176">
     <span class='ocr_line' id='line_1_40' title="bbox 961 1357 1652 1402; baseline 0.004 -13"><span class='ocrx_word' id='word_1_291' title='bbox 961 1357 1069 1390; x_wconf 78' lang='lat' dir='ltr'>florem</span> <span class='ocrx_word' id='word_1_292' title='bbox 1079 1357 1193 1391; x_wconf 81' lang='lat' dir='ltr'>habent</span> <span class='ocrx_word' id='word_1_293' title='bbox 1203 1362 1341 1392; x_wconf 73' lang='lat' dir='ltr'>aureum?</span> <span class='ocrx_word' id='word_1_294' title='bbox 1355 1370 1393 1391; x_wconf 78' lang='lat' dir='ltr'>an</span> <span class='ocrx_word' id='word_1_295' title='bbox 1404 1371 1469 1391; x_wconf 92' lang='lat' dir='ltr'>non</span> <span class='ocrx_word' id='word_1_296' title='bbox 1480 1358 1546 1392; x_wconf 85' lang='lat' dir='ltr'>rosa</span> <span class='ocrx_word' id='word_1_297' title='bbox 1555 1357 1618 1402; x_wconf 81' lang='lat' dir='ltr'>ipsa</span> <span class='ocrx_word' id='word_1_298' title='bbox 1651 1380 1652 1383; x_wconf 65' lang='lat'><em>=</em></span> 
     </span>
     <span class='ocr_line' id='line_1_41' title="bbox 960 1403 1618 1448; baseline 0.005 -14"><span class='ocrx_word' id='word_1_299' title='bbox 960 1403 1017 1435; x_wconf 81' lang='lat' dir='ltr'>flos</span> <span class='ocrx_word' id='word_1_300' title='bbox 1040 1403 1100 1437; x_wconf 77' lang='lat' dir='ltr'>est?</span> <span class='ocrx_word' id='word_1_301' title='bbox 1130 1404 1185 1436; x_wconf 87' lang='lat' dir='ltr'>Sed</span> <span class='ocrx_word' id='word_1_302' title='bbox 1208 1404 1339 1437; x_wconf 87' lang='lat' dir='ltr'>minime</span> <span class='ocrx_word' id='word_1_303' title='bbox 1350 1404 1479 1437; x_wconf 85' lang='lat' dir='ltr'>dubium</span> <span class='ocrx_word' id='word_1_304' title='bbox 1489 1405 1531 1437; x_wconf 87' lang='lat' dir='ltr'>est</span> <span class='ocrx_word' id='word_1_305' title='bbox 1541 1405 1618 1448; x_wconf 85' lang='lat' dir='ltr'>quin</span> 
     </span>
     <span class='ocr_line' id='line_1_42' title="bbox 961 1448 1617 1493; baseline 0.005 -14"><span class='ocrx_word' id='word_1_306' title='bbox 961 1448 1038 1480; x_wconf 87' lang='lat' dir='ltr'>illud</span> <span class='ocrx_word' id='word_1_307' title='bbox 1049 1460 1205 1486; x_wconf 76' lang='lat' dir='ltr'>croceum,</span> <span class='ocrx_word' id='word_1_308' title='bbox 1218 1450 1302 1493; x_wconf 90' lang='lat' dir='ltr'>quod</span> <span class='ocrx_word' id='word_1_309' title='bbox 1314 1450 1347 1481; x_wconf 87' lang='lat' dir='ltr'>in</span> <span class='ocrx_word' id='word_1_310' title='bbox 1361 1450 1466 1482; x_wconf 85' lang='lat' dir='ltr'>medio</span> <span class='ocrx_word' id='word_1_311' title='bbox 1477 1449 1550 1482; x_wconf 79' lang='lat' dir='ltr'>rosae</span> <span class='ocrx_word' id='word_1_312' title='bbox 1561 1450 1617 1488; x_wconf 83' lang='lat' dir='ltr'>est,</span> 
     </span>
     <span class='ocr_line' id='line_1_43' title="bbox 960 1493 1618 1539; baseline 0.005 -14"><span class='ocrx_word' id='word_1_313' title='bbox 960 1493 1068 1526; x_wconf 77' lang='lat' dir='ltr'>florem</span> <span class='ocrx_word' id='word_1_314' title='bbox 1081 1496 1225 1538; x_wconf 78' lang='lat' dir='ltr'>appellet.</span> <span class='ocrx_word' id='word_1_315' title='bbox 1259 1496 1344 1539; x_wconf 90' lang='lat' dir='ltr'>quod</span> <span class='ocrx_word' id='word_1_316' title='bbox 1356 1496 1491 1539; x_wconf 82' lang='lat' dir='ltr'>igiturin</span> <span class='ocrx_word' id='word_1_317' title='bbox 1502 1506 1540 1527; x_wconf 87' lang='lat' dir='ltr'>eo</span> <span class='ocrx_word' id='word_1_318' title='bbox 1553 1496 1597 1528; x_wconf 87' lang='lat' dir='ltr'>mi</span> <span class='ocrx_word' id='word_1_319' title='bbox 1608 1515 1618 1520; x_wconf 87' lang='lat'>-</span> 
     </span>
     <span class='ocr_line' id='line_1_44' title="bbox 961 1539 1616 1583; baseline 0.003 -12"><span class='ocrx_word' id='word_1_320' title='bbox 961 1541 1099 1572; x_wconf 79' lang='lat' dir='ltr'>taculum</span> <span class='ocrx_word' id='word_1_321' title='bbox 1110 1540 1166 1577; x_wconf 89' lang='lat' dir='ltr'>est,</span> <span class='ocrx_word' id='word_1_322' title='bbox 1176 1539 1197 1572; x_wconf 81' lang='lat' dir='ltr'>si</span> <span class='ocrx_word' id='word_1_323' title='bbox 1208 1539 1279 1572; x_wconf 84' lang='lat' dir='ltr'>rosae</span> <span class='ocrx_word' id='word_1_324' title='bbox 1290 1551 1443 1583; x_wconf 82' lang='lat' dir='ltr'>purpureae</span> <span class='ocrx_word' id='word_1_325' title='bbox 1451 1552 1464 1578; x_wconf 68' lang='grc'>’,</span> <span class='ocrx_word' id='word_1_326' title='bbox 1474 1541 1549 1573; x_wconf 77' lang='lat' dir='ltr'>flore</span> <span class='ocrx_word' id='word_1_327' title='bbox 1558 1552 1616 1573; x_wconf 84' lang='lat' dir='ltr'>au-</span> 
     </span>
     <span class='ocr_line' id='line_1_45' title="bbox 960 1584 1617 1628; baseline 0.002 -11"><span class='ocrx_word' id='word_1_328' title='bbox 960 1596 1025 1623; x_wconf 85' lang='lat' dir='ltr'>reo,</span> <span class='ocrx_word' id='word_1_329' title='bbox 1039 1588 1069 1618; x_wconf 84' lang='lat'>&amp;</span> <span class='ocrx_word' id='word_1_330' title='bbox 1082 1585 1180 1617; x_wconf 91' lang='lat' dir='ltr'>odore</span> <span class='ocrx_word' id='word_1_331' title='bbox 1189 1584 1277 1618; x_wconf 88' lang='lat' dir='ltr'>roseo</span> <span class='ocrx_word' id='word_1_332' title='bbox 1287 1587 1481 1628; x_wconf 83' lang='lat' dir='ltr'>prodierunt,</span> <span class='ocrx_word' id='word_1_333' title='bbox 1493 1585 1617 1627; x_wconf 78' lang='lat' dir='ltr'>nascen-</span> 
     </span>
     <span class='ocr_line' id='line_1_46' title="bbox 960 1630 1618 1669; baseline 0.002 -6"><span class='ocrx_word' id='word_1_334' title='bbox 960 1640 989 1663; x_wconf 83' lang='lat' dir='ltr'>te</span> <span class='ocrx_word' id='word_1_335' title='bbox 1009 1633 1178 1664; x_wconf 80' lang='lat' dir='ltr'>Aureliano</span> <span class='ocrx_word' id='word_1_336' title='bbox 1191 1655 1199 1669; x_wconf 84' lang='lat'><em>,</em></span> <span class='ocrx_word' id='word_1_337' title='bbox 1223 1643 1293 1663; x_wconf 87' lang='lat' dir='ltr'>cum</span> <span class='ocrx_word' id='word_1_338' title='bbox 1303 1633 1389 1664; x_wconf 81' lang='lat' dir='ltr'>aliter</span> <span class='ocrx_word' id='word_1_339' title='bbox 1399 1633 1478 1664; x_wconf 82' lang='lat' dir='ltr'>exire</span> <span class='ocrx_word' id='word_1_340' title='bbox 1489 1643 1554 1664; x_wconf 83' lang='lat' dir='ltr'>non</span> <span class='ocrx_word' id='word_1_341' title='bbox 1566 1630 1618 1664; x_wconf 87' lang='lat' dir='ltr'>so-</span> 
     </span>
     <span class='ocr_line' id='line_1_47' title="bbox 958 1675 1615 1714; baseline 0.003 -6"><span class='ocrx_word' id='word_1_342' title='bbox 958 1678 1061 1714; x_wconf 81' lang='lat' dir='ltr'>leant,</span> <span class='ocrx_word' id='word_1_343' title='bbox 1082 1689 1136 1709; x_wconf 90' lang='lat' dir='ltr'>nec</span> <span class='ocrx_word' id='word_1_344' title='bbox 1155 1679 1218 1709; x_wconf 84' lang='lat' dir='ltr'>alio</span> <span class='ocrx_word' id='word_1_345' title='bbox 1237 1677 1335 1709; x_wconf 74' lang='lat' dir='ltr'>odore</span> <span class='ocrx_word' id='word_1_346' title='bbox 1346 1679 1538 1711; x_wconf 76' lang='lat' dir='ltr'>autcolore?</span> <span class='ocrx_word' id='word_1_347' title='bbox 1563 1675 1615 1710; x_wconf 84' lang='lat' dir='ltr'>sed</span> 
     </span>
     <span class='ocr_line' id='line_1_48' title="bbox 956 1721 1617 1765; baseline 0.003 -12"><span class='ocrx_word' id='word_1_348' title='bbox 956 1722 1075 1755; x_wconf 85' lang='lat' dir='ltr'>videtur</span> <span class='ocrx_word' id='word_1_349' title='bbox 1084 1721 1230 1765; x_wconf 75' lang='lat' dir='ltr'>Vopiscus</span> <span class='ocrx_word' id='word_1_350' title='bbox 1246 1724 1430 1755; x_wconf 80' lang='lat' dir='ltr'>miraculum</span> <span class='ocrx_word' id='word_1_351' title='bbox 1442 1723 1550 1755; x_wconf 86' lang='lat' dir='ltr'>nonin</span> <span class='ocrx_word' id='word_1_352' title='bbox 1561 1733 1617 1755; x_wconf 88' lang='lat' dir='ltr'>co-</span> 
     </span>
     <span class='ocr_line' id='line_1_49' title="bbox 958 1767 1613 1811; baseline 0 -11"><span class='ocrx_word' id='word_1_353' title='bbox 958 1769 1023 1800; x_wconf 88' lang='lat' dir='ltr'>lore</span> <span class='ocrx_word' id='word_1_354' title='bbox 1035 1777 1087 1800; x_wconf 82' lang='lat' dir='ltr'>aut</span> <span class='ocrx_word' id='word_1_355' title='bbox 1099 1769 1197 1800; x_wconf 89' lang='lat' dir='ltr'>odore</span> <span class='ocrx_word' id='word_1_356' title='bbox 1209 1767 1347 1800; x_wconf 84' lang='lat' dir='ltr'>rosarum</span> <span class='ocrx_word' id='word_1_357' title='bbox 1358 1779 1474 1811; x_wconf 84' lang='lat' dir='ltr'>ponere</span> <span class='ocrx_word' id='word_1_358' title='bbox 1485 1791 1494 1804; x_wconf 96' lang='lat'>,</span> <span class='ocrx_word' id='word_1_359' title='bbox 1515 1767 1564 1800; x_wconf 73' lang='lat' dir='ltr'>sed</span> <span class='ocrx_word' id='word_1_360' title='bbox 1579 1769 1613 1800; x_wconf 91' lang='lat' dir='ltr'>in</span> 
     </span>
     <span class='ocr_line' id='line_1_50' title="bbox 957 1815 1612 1857; baseline 0.002 -12"><span class='ocrx_word' id='word_1_361' title='bbox 957 1822 1107 1857; x_wconf 75' lang='lat' dir='ltr'>tempore,</span> <span class='ocrx_word' id='word_1_362' title='bbox 1140 1815 1244 1846; x_wconf 83' lang='lat' dir='ltr'>alieno</span> <span class='ocrx_word' id='word_1_363' title='bbox 1261 1815 1345 1846; x_wconf 84' lang='lat' dir='ltr'>enim</span> <span class='ocrx_word' id='word_1_364' title='bbox 1358 1824 1498 1856; x_wconf 84' lang='lat' dir='ltr'>tempore</span> <span class='ocrx_word' id='word_1_365' title='bbox 1507 1824 1563 1845; x_wconf 90' lang='lat' dir='ltr'>nec</span> <span class='ocrx_word' id='word_1_366' title='bbox 1573 1824 1612 1846; x_wconf 83' lang='lat' dir='ltr'>eo</span> 
     </span>
     <span class='ocr_line' id='line_1_51' title="bbox 957 1857 1613 1902; baseline -0.002 -11"><span class='ocrx_word' id='word_1_367' title='bbox 957 1870 1021 1902; x_wconf 85' lang='lat' dir='ltr'>quo</span> <span class='ocrx_word' id='word_1_368' title='bbox 1030 1858 1102 1892; x_wconf 78' lang='lat' dir='ltr'>rosae</span> <span class='ocrx_word' id='word_1_369' title='bbox 1114 1858 1277 1892; x_wconf 81' lang='lat' dir='ltr'>nascuntur</span> <span class='ocrx_word' id='word_1_370' title='bbox 1289 1857 1358 1891; x_wconf 86' lang='lat' dir='ltr'>sunt</span> <span class='ocrx_word' id='word_1_371' title='bbox 1369 1870 1461 1892; x_wconf 81' lang='lat' dir='ltr'>enatae</span> <span class='ocrx_word' id='word_1_372' title='bbox 1472 1881 1485 1897; x_wconf 89' lang='lat'><em>‚</em></span> <span class='ocrx_word' id='word_1_373' title='bbox 1506 1860 1537 1891; x_wconf 90' lang='lat'>&amp;</span> <span class='ocrx_word' id='word_1_374' title='bbox 1551 1859 1613 1891; x_wconf 89' lang='lat' dir='ltr'>hoc</span> 
     </span>
     <span class='ocr_line' id='line_1_52' title="bbox 957 1904 1615 1947; baseline -0.002 -10"><span class='ocrx_word' id='word_1_375' title='bbox 957 1906 1022 1937; x_wconf 86' lang='lat' dir='ltr'>vice</span> <span class='ocrx_word' id='word_1_376' title='bbox 1032 1906 1171 1937; x_wconf 81' lang='lat' dir='ltr'>miraculi</span> <span class='ocrx_word' id='word_1_377' title='bbox 1182 1905 1241 1937; x_wconf 87' lang='lat' dir='ltr'>fuit</span> <span class='ocrx_word' id='word_1_378' title='bbox 1253 1928 1262 1942; x_wconf 85' lang='lat'>‚</span> <span class='ocrx_word' id='word_1_379' title='bbox 1282 1904 1366 1947; x_wconf 89' lang='lat' dir='ltr'>quod</span> <span class='ocrx_word' id='word_1_380' title='bbox 1387 1914 1461 1936; x_wconf 82' lang='lat' dir='ltr'>nato</span> <span class='ocrx_word' id='word_1_381' title='bbox 1473 1905 1615 1936; x_wconf 86' lang='lat' dir='ltr'>Aurelia-</span> 
     </span>
     <span class='ocr_line' id='line_1_53' title="bbox 957 1949 1614 1993; baseline -0.002 -12"><span class='ocrx_word' id='word_1_382' title='bbox 957 1961 1019 1988; x_wconf 80' lang='lat' dir='ltr'>no,</span> <span class='ocrx_word' id='word_1_383' title='bbox 1038 1951 1221 1993; x_wconf 83' lang='lat' dir='ltr'>prodierunt</span> <span class='ocrx_word' id='word_1_384' title='bbox 1240 1949 1314 1983; x_wconf 82' lang='lat' dir='ltr'>rosae</span> <span class='ocrx_word' id='word_1_385' title='bbox 1332 1950 1442 1982; x_wconf 87' lang='lat' dir='ltr'>eodem</span> <span class='ocrx_word' id='word_1_386' title='bbox 1462 1950 1549 1991; x_wconf 77' lang='lat' dir='ltr'>plane</span> <span class='ocrx_word' id='word_1_387' title='bbox 1560 1960 1614 1981; x_wconf 87' lang='lat' dir='ltr'>co-</span> 
     </span>
     <span class='ocr_line' id='line_1_54' title="bbox 957 1993 1611 2039; baseline -0.002 -11"><span class='ocrx_word' id='word_1_388' title='bbox 957 1997 1025 2028; x_wconf 85' lang='lat' dir='ltr'>lore</span> <span class='ocrx_word' id='word_1_389' title='bbox 1046 1998 1077 2028; x_wconf 88' lang='lat'>&amp;</span> <span class='ocrx_word' id='word_1_390' title='bbox 1100 1997 1199 2028; x_wconf 88' lang='lat' dir='ltr'>odore</span> <span class='ocrx_word' id='word_1_391' title='bbox 1220 2020 1229 2034; x_wconf 89' lang='lat'><strong>,</strong></span> <span class='ocrx_word' id='word_1_392' title='bbox 1253 2007 1316 2039; x_wconf 86' lang='lat' dir='ltr'>quo</span> <span class='ocrx_word' id='word_1_393' title='bbox 1337 1995 1395 2028; x_wconf 89' lang='lat' dir='ltr'>suis</span> <span class='ocrx_word' id='word_1_394' title='bbox 1417 1993 1611 2037; x_wconf 76' lang='lat' dir='ltr'>temporibus</span> 
     </span>
     <span class='ocr_line' id='line_1_55' title="bbox 957 2039 1611 2084; baseline -0.002 -11"><span class='ocrx_word' id='word_1_395' title='bbox 957 2052 1026 2074; x_wconf 89' lang='lat' dir='ltr'>cum</span> <span class='ocrx_word' id='word_1_396' title='bbox 1045 2042 1198 2084; x_wconf 82' lang='lat' dir='ltr'>prodeunt</span> <span class='ocrx_word' id='word_1_397' title='bbox 1208 2064 1217 2078; x_wconf 90' lang='lat'><em>,</em></span> <span class='ocrx_word' id='word_1_398' title='bbox 1241 2040 1298 2073; x_wconf 65' lang='lat' dir='ltr'>esse</span> <span class='ocrx_word' id='word_1_399' title='bbox 1312 2039 1544 2073; x_wconf 85' lang='lat' dir='ltr'>consueverunt.</span> <span class='ocrx_word' id='word_1_400' title='bbox 1571 2050 1611 2072; x_wconf 81' lang='lat' dir='ltr'>an</span> 
     </span>
     <span class='ocr_line' id='line_1_56' title="bbox 955 2085 1613 2130; baseline -0.003 -11"><span class='ocrx_word' id='word_1_401' title='bbox 955 2088 1060 2130; x_wconf 85' lang='lat' dir='ltr'>potius</span> <span class='ocrx_word' id='word_1_402' title='bbox 1083 2087 1119 2118; x_wconf 87' lang='lat' dir='ltr'>de</span> <span class='ocrx_word' id='word_1_403' title='bbox 1138 2089 1212 2119; x_wconf 91' lang='lat' dir='ltr'>loco</span> <span class='ocrx_word' id='word_1_404' title='bbox 1233 2087 1417 2119; x_wconf 80' lang='lat' dir='ltr'>miraculum</span> <span class='ocrx_word' id='word_1_405' title='bbox 1430 2085 1613 2128; x_wconf 83' lang='lat' dir='ltr'>interpreta-</span> 
     </span>
     <span class='ocr_line' id='line_1_57' title="bbox 956 2130 1611 2176; baseline -0.003 -12"><span class='ocrx_word' id='word_1_406' title='bbox 956 2133 1070 2169; x_wconf 85' lang='lat' dir='ltr'>bimur,</span> <span class='ocrx_word' id='word_1_407' title='bbox 1081 2133 1166 2176; x_wconf 84' lang='lat' dir='ltr'>quod</span> <span class='ocrx_word' id='word_1_408' title='bbox 1178 2134 1208 2163; x_wconf 83' lang='lat' dir='ltr'>in</span> <span class='ocrx_word' id='word_1_409' title='bbox 1219 2141 1303 2164; x_wconf 82' lang='lat' dir='ltr'>corte</span> <span class='ocrx_word' id='word_1_410' title='bbox 1314 2154 1323 2167; x_wconf 79' lang='lat'><em>.</em></span> <span class='ocrx_word' id='word_1_411' title='bbox 1338 2131 1369 2162; x_wconf 89' lang='lat' dir='ltr'>id</span> <span class='ocrx_word' id='word_1_412' title='bbox 1380 2130 1420 2162; x_wconf 86' lang='lat' dir='ltr'>est</span> <span class='ocrx_word' id='word_1_413' title='bbox 1431 2132 1462 2161; x_wconf 89' lang='lat' dir='ltr'>in</span> <span class='ocrx_word' id='word_1_414' title='bbox 1475 2142 1541 2163; x_wconf 83' lang='lat' dir='ltr'>area</span> <span class='ocrx_word' id='word_1_415' title='bbox 1551 2130 1611 2162; x_wconf 88' lang='lat' dir='ltr'>do&#39;-</span> 
     </span>
    </p>
   </div>
   <div class='ocr_carea' id='block_1_9' title="bbox 261 2175 1535 2221">
    <p class='ocr_par' dir='ltr' id='par_1_12' title="bbox 261 2175 1535 2221">
     <span class='ocr_line' id='line_1_58' title="bbox 261 2175 1535 2221; baseline -0.001 -13"><span class='ocrx_word' id='word_1_416' title='bbox 261 2177 337 2221; x_wconf 85' lang='lat' dir='ltr'>quid</span> <span class='ocrx_word' id='word_1_417' title='bbox 346 2177 439 2209; x_wconf 80' lang='lat' dir='ltr'>faciat</span> <span class='ocrx_word' id='word_1_418' title='bbox 449 2178 484 2209; x_wconf 77' lang='lat' dir='ltr'>ad</span> <span class='ocrx_word' id='word_1_419' title='bbox 498 2189 591 2210; x_wconf 82' lang='lat' dir='ltr'>omen</span> <span class='ocrx_word' id='word_1_420' title='bbox 602 2177 698 2209; x_wconf 84' lang='lat' dir='ltr'>futuri</span> <span class='ocrx_word' id='word_1_421' title='bbox 708 2179 841 2220; x_wconf 79' lang='lat' dir='ltr'>imperii,</span> <span class='ocrx_word' id='word_1_422' title='bbox 865 2178 913 2210; x_wconf 82' lang='lat' dir='ltr'>sed</span> <span class='ocrx_word' id='word_1_423' title='bbox 955 2189 1023 2210; x_wconf 82' lang='lat' dir='ltr'>mus</span> <span class='ocrx_word' id='word_1_424' title='bbox 1035 2177 1143 2221; x_wconf 88' lang='lat' dir='ltr'>sponte</span> <span class='ocrx_word' id='word_1_425' title='bbox 1153 2176 1209 2209; x_wconf 71' lang='lat' dir='ltr'>{int</span> <span class='ocrx_word' id='word_1_426' title='bbox 1221 2188 1315 2209; x_wconf 77' lang='lat' dir='ltr'>enatae</span> <span class='ocrx_word' id='word_1_427' title='bbox 1328 2175 1422 2209; x_wconf 73' lang='lat' dir='ltr'>rosae?</span> <span class='ocrx_word' id='word_1_428' title='bbox 1447 2177 1535 2207; x_wconf 74' lang='lat' dir='ltr'>Idfm.</span> 
     </span>
    </p>
   </div>
   <div class='ocr_carea' id='block_1_10' title="bbox 257 2223 912 2266">
    <p class='ocr_par' dir='ltr' id='par_1_13' title="bbox 257 2223 912 2266">
     <span class='ocr_line' id='line_1_59' title="bbox 257 2223 912 2266; baseline 0.002 -12"><span class='ocrx_word' id='word_1_429' title='bbox 257 2223 334 2266; x_wconf 87' lang='lat' dir='ltr'>quid</span> <span class='ocrx_word' id='word_1_430' title='bbox 343 2224 406 2254; x_wconf 86' lang='lat' dir='ltr'>avis</span> <span class='ocrx_word' id='word_1_431' title='bbox 417 2223 513 2257; x_wconf 80' lang='lat' dir='ltr'>facit?</span> <span class='ocrx_word' id='word_1_432' title='bbox 532 2224 651 2266; x_wconf 85' lang='lat' dir='ltr'>optime</span> <span class='ocrx_word' id='word_1_433' title='bbox 661 2225 756 2256; x_wconf 77' lang='lat' dir='ltr'>Palat.</span> <span class='ocrx_word' id='word_1_434' title='bbox 771 2226 811 2254; x_wconf 82' lang='lat' dir='ltr'>ita</span> <span class='ocrx_word' id='word_1_435' title='bbox 821 2233 852 2254; x_wconf 81' lang='lat' dir='ltr'>ut</span> <span class='ocrx_word' id='word_1_436' title='bbox 865 2224 912 2255; x_wconf 74' lang='lat' dir='ltr'>lm-</span> 
     </span>
    </p>
   </div>
   <div class='ocr_carea' id='block_1_11' title="bbox 1002 2222 1613 2266">
    <p class='ocr_par' dir='ltr' id='par_1_14' title="bbox 1002 2222 1613 2266">
     <span class='ocr_line' id='line_1_60' title="bbox 1002 2222 1613 2266; baseline -0.003 -11"><span class='ocrx_word' id='word_1_437' title='bbox 1002 2234 1030 2266; x_wconf 85' lang='lat'>3.</span> <span class='ocrx_word' id='word_1_438' title='bbox 1053 2223 1178 2260; x_wconf 67' lang='lat' dir='ltr'>Quodin</span> <span class='ocrx_word' id='word_1_439' title='bbox 1193 2223 1315 2253; x_wconf 78' lang='lat' dir='ltr'>honorem</span> <span class='ocrx_word' id='word_1_440' title='bbox 1325 2225 1383 2264; x_wconf 67' lang='lat' dir='ltr'>ojus</span> <span class='ocrx_word' id='word_1_441' title='bbox 1395 2222 1613 2264; x_wconf 68' lang='lat' dir='ltr'>expanfhmfue-</span> 
     </span>
    </p>
   </div>
   <div class='ocr_carea' id='block_1_12' title="bbox 257 2266 1664 2357">
    <p class='ocr_par' dir='ltr' id='par_1_15' title="bbox 257 2266 1664 2357">
     <span class='ocr_line' id='line_1_61' title="bbox 257 2266 1609 2310; baseline 0 -11"><span class='ocrx_word' id='word_1_442' title='bbox 257 2269 331 2299; x_wconf 73' lang='lat' dir='ltr'>beret</span> <span class='ocrx_word' id='word_1_443' title='bbox 348 2270 377 2298; x_wconf 80' lang='lat' dir='ltr'>in</span> <span class='ocrx_word' id='word_1_444' title='bbox 396 2281 447 2298; x_wconf 77' lang='lat' dir='ltr'>uno</span> <span class='ocrx_word' id='word_1_445' title='bbox 459 2271 541 2299; x_wconf 67' lang='lat' dir='ltr'>latere</span> <span class='ocrx_word' id='word_1_446' title='bbox 555 2292 563 2306; x_wconf 92' lang='lat'>,</span> <span class='ocrx_word' id='word_1_447' title='bbox 582 2279 636 2299; x_wconf 61' lang='lat' dir='ltr'>ave</span> <span class='ocrx_word' id='word_1_448' title='bbox 649 2291 660 2306; x_wconf 81' lang='lat'>‚</span> <span class='ocrx_word' id='word_1_449' title='bbox 680 2271 709 2299; x_wconf 80' lang='lat' dir='ltr'>in</span> <span class='ocrx_word' id='word_1_450' title='bbox 721 2271 773 2299; x_wconf 76' lang='lat' dir='ltr'>alio</span> <span class='ocrx_word' id='word_1_451' title='bbox 782 2282 913 2300; x_wconf 67' lang='lat' dir='ltr'>caronam.</span> <span class='ocrx_word' id='word_1_452' title='bbox 953 2270 1026 2309; x_wconf 74' lang='lat' dir='ltr'>rat-J</span> <span class='ocrx_word' id='word_1_453' title='bbox 1043 2273 1080 2300; x_wconf 83' lang='lat' dir='ltr'>In</span> <span class='ocrx_word' id='word_1_454' title='bbox 1092 2267 1276 2310; x_wconf 76' lang='lat' dir='ltr'>OPtimolib.</span> <span class='ocrx_word' id='word_1_455' title='bbox 1287 2266 1414 2309; x_wconf 49' lang='lat' dir='ltr'>ffirmfitm</span> <span class='ocrx_word' id='word_1_456' title='bbox 1425 2268 1546 2310; x_wconf 81' lang='lat' dir='ltr'>legitur.</span> <span class='ocrx_word' id='word_1_457' title='bbox 1570 2266 1609 2300; x_wconf 85' lang='lat' dir='ltr'>fic</span> 
     </span>
     <span class='ocr_line' id='line_1_62' title="bbox 258 2311 1664 2357; baseline -0.001 -12"><span class='ocrx_word' id='word_1_458' title='bbox 258 2312 383 2355; x_wconf 84' lang='lat' dir='ltr'>Qibus</span> <span class='ocrx_word' id='word_1_459' title='bbox 401 2313 563 2346; x_wconf 84' lang='lat' dir='ltr'>verifimile</span> <span class='ocrx_word' id='word_1_460' title='bbox 582 2325 647 2345; x_wconf 88' lang='lat' dir='ltr'>non</span> <span class='ocrx_word' id='word_1_461' title='bbox 665 2324 785 2357; x_wconf 80' lang='lat' dir='ltr'>poterat</span> <span class='ocrx_word' id='word_1_462' title='bbox 798 2314 913 2346; x_wconf 85' lang='lat' dir='ltr'>fierivi-</span> <span class='ocrx_word' id='word_1_463' title='bbox 945 2316 1066 2357; x_wconf 73' lang='lat' dir='ltr'>[ceptum</span> <span class='ocrx_word' id='word_1_464' title='bbox 1084 2324 1140 2356; x_wconf 82' lang='lat' dir='ltr'>pro</span> <span class='ocrx_word' id='word_1_465' title='bbox 1152 2322 1292 2356; x_wconf 73' lang='lat' dir='ltr'>exceptum</span> <span class='ocrx_word' id='word_1_466' title='bbox 1303 2313 1381 2354; x_wconf 85' lang='lat' dir='ltr'>apud</span> <span class='ocrx_word' id='word_1_467' title='bbox 1391 2312 1524 2344; x_wconf 82' lang='lat' dir='ltr'>Trebell.</span> <span class='ocrx_word' id='word_1_468' title='bbox 1551 2311 1610 2354; x_wconf 65' lang='lat' dir='ltr'>(jae-</span> <span class='ocrx_word' id='word_1_469' title='bbox 1654 2317 1664 2340; x_wconf 60' lang='lat' dir='ltr'>&#39;i</span> 
     </span>
    </p>
   </div>
   <div class='ocr_carea' id='block_1_13' title="bbox 256 2353 1664 2576">
    <p class='ocr_par' dir='ltr' id='par_1_16' title="bbox 259 2353 1664 2402">
     <span class='ocr_line' id='line_1_63' title="bbox 259 2353 1664 2402; baseline -0.001 -13"><span class='ocrx_word' id='word_1_470' title='bbox 259 2360 362 2390; x_wconf 85' lang='lat' dir='ltr'>tulum</span> <span class='ocrx_word' id='word_1_471' title='bbox 374 2382 383 2395; x_wconf 90' lang='lat'><em>,</em></span> <span class='ocrx_word' id='word_1_472' title='bbox 404 2359 436 2390; x_wconf 88' lang='lat' dir='ltr'>in</span> <span class='ocrx_word' id='word_1_473' title='bbox 447 2360 539 2391; x_wconf 81' lang='lat' dir='ltr'>latere</span> <span class='ocrx_word' id='word_1_474' title='bbox 549 2358 694 2401; x_wconf 86' lang='lat' dir='ltr'>scriptum</span> <span class='ocrx_word' id='word_1_475' title='bbox 704 2371 754 2391; x_wconf 59' lang='lat' dir='ltr'>aive</span> <span class='ocrx_word' id='word_1_476' title='bbox 763 2360 801 2392; x_wconf 87' lang='lat' dir='ltr'>de</span> <span class='ocrx_word' id='word_1_477' title='bbox 810 2371 914 2392; x_wconf 83' lang='lat' dir='ltr'>ventre</span> <span class='ocrx_word' id='word_1_478' title='bbox 954 2361 1027 2391; x_wconf 66' lang='lat' dir='ltr'>flare</span> <span class='ocrx_word' id='word_1_479' title='bbox 1044 2370 1101 2402; x_wconf 83' lang='lat' dir='ltr'>pro</span> <span class='ocrx_word' id='word_1_480' title='bbox 1119 2360 1255 2402; x_wconf 67' lang='lat' dir='ltr'>expeHare</span> <span class='ocrx_word' id='word_1_481' title='bbox 1266 2357 1380 2390; x_wconf 71' lang='lat' dir='ltr'>alicubi</span> <span class='ocrx_word' id='word_1_482' title='bbox 1389 2356 1523 2400; x_wconf 76' lang='lat' dir='ltr'>politum</span> <span class='ocrx_word' id='word_1_483' title='bbox 1535 2358 1608 2402; x_wconf 81' lang='lat' dir='ltr'>legi.</span> <span class='ocrx_word' id='word_1_484' title='bbox 1663 2353 1664 2388; x_wconf 61' lang='grc' dir='ltr'>ἶ</span> 
     </span>
    </p>

    <p class='ocr_par' dir='ltr' id='par_1_17' title="bbox 259 2402 1043 2448">
     <span class='ocr_line' id='line_1_64' title="bbox 259 2402 1043 2448; baseline 0.001 -14"><span class='ocrx_word' id='word_1_485' title='bbox 259 2404 366 2434; x_wconf 81' lang='lat' dir='ltr'>matris</span> <span class='ocrx_word' id='word_1_486' title='bbox 377 2402 617 2440; x_wconf 70' lang='lat' dir='ltr'>attulissemobis</span> <span class='ocrx_word' id='word_1_487' title='bbox 628 2416 707 2436; x_wconf 63' lang='lat' dir='ltr'>avem</span> <span class='ocrx_word' id='word_1_488' title='bbox 718 2416 772 2448; x_wconf 77' lang='lat' dir='ltr'>pro</span> <span class='ocrx_word' id='word_1_489' title='bbox 784 2416 833 2436; x_wconf 71' lang='lat' dir='ltr'>ave</span> <span class='ocrx_word' id='word_1_490' title='bbox 846 2404 913 2437; x_wconf 84' lang='lat' dir='ltr'>sub·</span> <span class='ocrx_word' id='word_1_491' title='bbox 955 2404 1043 2436; x_wconf 75' lang='lat' dir='ltr'>Idem.</span> 
     </span>
    </p>

    <p class='ocr_par' dir='ltr' id='par_1_18' title="bbox 257 2447 1607 2492">
     <span class='ocr_line' id='line_1_65' title="bbox 257 2447 1607 2492; baseline -0.001 -14"><span class='ocrx_word' id='word_1_492' title='bbox 257 2447 432 2481; x_wconf 78' lang='lat' dir='ltr'>stituerunt.</span> <span class='ocrx_word' id='word_1_493' title='bbox 448 2449 528 2492; x_wconf 73' lang='lat' dir='ltr'>quasi</span> <span class='ocrx_word' id='word_1_494' title='bbox 541 2450 644 2481; x_wconf 86' lang='lat' dir='ltr'>minus</span> <span class='ocrx_word' id='word_1_495' title='bbox 656 2450 691 2483; x_wconf 84' lang='lat' dir='ltr'>fit</span> <span class='ocrx_word' id='word_1_496' title='bbox 705 2451 820 2483; x_wconf 83' lang='lat' dir='ltr'>mirum</span> <span class='ocrx_word' id='word_1_497' title='bbox 831 2460 911 2481; x_wconf 60' lang='lat' dir='ltr'>avem</span> <span class='ocrx_word' id='word_1_498' title='bbox 997 2462 1029 2489; x_wconf 85' lang='lat'>4.</span> <span class='ocrx_word' id='word_1_499' title='bbox 1052 2452 1135 2492; x_wconf 65' lang='lat' dir='ltr'>,Quia</span> <span class='ocrx_word' id='word_1_500' title='bbox 1155 2447 1329 2490; x_wconf 70' lang='lat' dir='ltr'>invidiosum</span> <span class='ocrx_word' id='word_1_501' title='bbox 1347 2457 1412 2479; x_wconf 78' lang='lat' dir='ltr'>tunc</span> <span class='ocrx_word' id='word_1_502' title='bbox 1421 2457 1478 2480; x_wconf 78' lang='lat' dir='ltr'>erat</span> <span class='ocrx_word' id='word_1_503' title='bbox 1492 2447 1607 2478; x_wconf 76' lang='lat' dir='ltr'>vehicu-</span> 
     </span>
    </p>

    <p class='ocr_par' dir='ltr' id='par_1_19' title="bbox 256 2491 1664 2576">
     <span class='ocr_line' id='line_1_66' title="bbox 256 2491 1663 2571; baseline 0.001 -46"><span class='ocrx_word' id='word_1_504' title='bbox 256 2491 375 2526; x_wconf 75' lang='lat' dir='ltr'>ibidem</span> <span class='ocrx_word' id='word_1_505' title='bbox 395 2495 510 2537; x_wconf 63' lang='lat' dir='ltr'>Pistam</span> <span class='ocrx_word' id='word_1_506' title='bbox 531 2494 672 2530; x_wconf 71' lang='lat' dir='ltr'>habuisse.</span> <span class='ocrx_word' id='word_1_507' title='bbox 700 2507 792 2541; x_wconf 77' lang='lat' dir='ltr'>quare</span> <span class='ocrx_word' id='word_1_508' title='bbox 804 2495 910 2529; x_wconf 76' lang='lat' dir='ltr'>abillo</span> <span class='ocrx_word' id='word_1_509' title='bbox 952 2495 988 2528; x_wconf 76' lang='lat' dir='ltr'>lis</span> <span class='ocrx_word' id='word_1_510' title='bbox 1005 2497 1035 2527; x_wconf 83' lang='lat' dir='ltr'>in</span> <span class='ocrx_word' id='word_1_511' title='bbox 1053 2497 1168 2528; x_wconf 54' lang='lat' dir='ltr'>coitate</span> <span class='ocrx_word' id='word_1_512' title='bbox 1186 2494 1270 2536; x_wconf 52' lang='lat' dir='ltr'>ath]</span> <span class='ocrx_word' id='word_1_513' title='bbox 1298 2493 1373 2530; x_wconf 85' lang='lat' dir='ltr'>Vide</span> <span class='ocrx_word' id='word_1_514' title='bbox 1394 2493 1433 2529; x_wconf 85' lang='lat' dir='ltr'>ad</span> <span class='ocrx_word' id='word_1_515' title='bbox 1455 2492 1606 2571; x_wconf 52' lang='lat' dir='ltr'>Spargiqni</span> <span class='ocrx_word' id='word_1_516' title='bbox 1662 2504 1663 2507; x_wconf 49' lang='lat'>¹</span> 
     </span>
     <span class='ocr_line' id='line_1_67' title="bbox 1476 2541 1664 2576; baseline 0.016 -3"><span class='ocrx_word' id='word_1_517' title='bbox 1476 2541 1522 2573; x_wconf 82' lang='lat' dir='ltr'>Ha</span> <span class='ocrx_word' id='word_1_518' title='bbox 1546 2547 1607 2572; x_wconf 73' lang='lat' dir='ltr'>na-</span> <span class='ocrx_word' id='word_1_519' title='bbox 1662 2548 1664 2576; x_wconf 74' lang='grc' dir='ltr'>ξ</span> 
     </span>
    </p>
   </div>
  </div>
 </body>
</html>
