<?xml version="1.0" encoding="UTF-8"?>
<!DOCTYPE html PUBLIC "-//W3C//DTD XHTML 1.0 Transitional//EN"
    "http://www.w3.org/TR/xhtml1/DTD/xhtml1-transitional.dtd">
<html xmlns="http://www.w3.org/1999/xhtml" xml:lang="en" lang="en">
 <head>
  <title>
</title>
<meta http-equiv="Content-Type" content="text/html;charset=utf-8" />
  <meta name='ocr-system' content='tesseract 3.04.00' />
  <meta name='ocr-capabilities' content='ocr_page ocr_carea ocr_par ocr_line ocrx_word'/>
</head>
<body>
  <div class='ocr_page' id='page_1' title='image "./historiaugust00casa_0980.png"; bbox 0 0 1664 2891; ppageno 0'>
   <div class='ocr_carea' id='block_1_1' title="bbox 313 119 1428 185">
    <p class='ocr_par' dir='ltr' id='par_1_1' title="bbox 313 119 1428 185">
     <span class='ocr_line' id='line_1_1' title="bbox 313 119 1428 185; baseline -0.002 -16"><span class='ocrx_word' id='word_1_1' title='bbox 313 122 410 185; x_wconf 84' lang='lat'>966</span> <span class='ocrx_word' id='word_1_2' title='bbox 530 123 758 169; x_wconf 76' lang='lat' dir='ltr'><strong>FLAvu</strong></span> <span class='ocrx_word' id='word_1_3' title='bbox 792 120 1052 169; x_wconf 74' lang='lat' dir='ltr'>V0P15c1</span> <span class='ocrx_word' id='word_1_4' title='bbox 1085 119 1428 167; x_wconf 59' lang='lat' dir='ltr'>Srnacusu</span> 
     </span>
    </p>
   </div>
   <div class='ocr_carea' id='block_1_2' title="bbox 311 198 1634 333">
    <p class='ocr_par' dir='ltr' id='par_1_2' title="bbox 311 198 1634 333">
     <span class='ocr_line' id='line_1_2' title="bbox 311 198 1634 266; baseline -0.002 -16"><span class='ocrx_word' id='word_1_5' title='bbox 311 201 404 250; x_wconf 82' lang='lat' dir='ltr'>aliis</span> <span class='ocrx_word' id='word_1_6' title='bbox 425 200 498 248; x_wconf 86' lang='lat' dir='ltr'>ista</span> <span class='ocrx_word' id='word_1_7' title='bbox 520 200 717 249; x_wconf 86' lang='lat' dir='ltr'>dicantur</span> <span class='ocrx_word' id='word_1_8' title='bbox 740 219 832 266; x_wconf 89' lang='lat' dir='ltr'>quae</span> <span class='ocrx_word' id='word_1_9' title='bbox 847 200 980 265; x_wconf 71' lang='lat' dir='ltr'>prope</span> <span class='ocrx_word' id='word_1_10' title='bbox 994 199 1048 247; x_wconf 87' lang='lat' dir='ltr'>ad</span> <span class='ocrx_word' id='word_1_11' title='bbox 1062 199 1305 264; x_wconf 85' lang='lat' dir='ltr'>exemplum</span> <span class='ocrx_word' id='word_1_12' title='bbox 1320 200 1429 247; x_wconf 82' lang='lat' dir='ltr'><strong>nihil</strong></span> <span class='ocrx_word' id='word_1_13' title='bbox 1442 198 1634 265; x_wconf 80' lang='lat' dir='ltr'><strong>prosunt.</strong></span> 
     </span>
     <span class='ocr_line' id='line_1_3' title="bbox 317 266 1246 333; baseline -0.002 -19"><span class='ocrx_word' id='word_1_14' title='bbox 317 270 415 314; x_wconf 86' lang='lat' dir='ltr'>Nos</span> <span class='ocrx_word' id='word_1_15' title='bbox 430 267 481 315; x_wconf 89' lang='lat' dir='ltr'>ad</span> <span class='ocrx_word' id='word_1_16' title='bbox 495 284 542 315; x_wconf 91' lang='lat' dir='ltr'>ea</span> <span class='ocrx_word' id='word_1_17' title='bbox 555 284 649 333; x_wconf 86' lang='lat' dir='ltr'>quae</span> <span class='ocrx_word' id='word_1_18' title='bbox 664 266 763 315; x_wconf 91' lang='lat' dir='ltr'>sunt</span> <span class='ocrx_word' id='word_1_19' title='bbox 777 267 958 314; x_wconf 85' lang='lat' dir='ltr'>dicenda</span> <span class='ocrx_word' id='word_1_20' title='bbox 970 303 982 320; x_wconf 94' lang='lat'>,</span> <span class='ocrx_word' id='word_1_21' title='bbox 1008 267 1246 313; x_wconf 81' lang='lat' dir='ltr'><strong>redeamus.</strong></span> 
     </span>
    </p>
   </div>
   <div class='ocr_carea' id='block_1_3' title="bbox 240 395 1639 618">
    <p class='ocr_par' dir='ltr' id='par_1_3' title="bbox 240 395 1639 618">
     <span class='ocr_line' id='line_1_4' title="bbox 313 395 1329 454; baseline -0.007 1"><span class='ocrx_word' id='word_1_22' title='bbox 313 405 316 407; x_wconf 47' lang='grc'>“</span> <span class='ocrx_word' id='word_1_23' title='bbox 628 400 671 454; x_wconf 87' lang='grc' dir='ltr'><strong>Ρ</strong></span> <span class='ocrx_word' id='word_1_24' title='bbox 708 399 765 451; x_wconf 86' lang='lat' dir='ltr'>R</span> <span class='ocrx_word' id='word_1_25' title='bbox 804 396 861 450; x_wconf 87' lang='grc' dir='ltr'>Ο</span> <span class='ocrx_word' id='word_1_26' title='bbox 901 395 952 449; x_wconf 86' lang='lat' dir='ltr'>C</span> <span class='ocrx_word' id='word_1_27' title='bbox 993 395 1054 448; x_wconf 89' lang='lat' dir='ltr'>U</span> <span class='ocrx_word' id='word_1_28' title='bbox 1091 396 1137 448; x_wconf 93' lang='lat' dir='ltr'>L</span> <span class='ocrx_word' id='word_1_29' title='bbox 1178 397 1239 449; x_wconf 90' lang='lat' dir='ltr'>U</span> <span class='ocrx_word' id='word_1_30' title='bbox 1281 396 1329 449; x_wconf 92' lang='lat' dir='ltr'>S.</span> 
     </span>
     <span class='ocr_line' id='line_1_5' title="bbox 240 492 1639 618; baseline -0.004 -72"><span class='ocrx_word' id='word_1_31' title='bbox 240 502 295 532; x_wconf 74' lang='lat'>12</span> <span class='ocrx_word' id='word_1_32' title='bbox 312 501 439 618; x_wconf 81' lang='lat' dir='ltr'>PR</span> <span class='ocrx_word' id='word_1_33' title='bbox 452 519 478 547; x_wconf 92' lang='lat' dir='ltr'>o</span> <span class='ocrx_word' id='word_1_34' title='bbox 491 517 517 546; x_wconf 88' lang='lat' dir='ltr'><strong>c</strong></span> <span class='ocrx_word' id='word_1_35' title='bbox 534 515 565 545; x_wconf 82' lang='lat' dir='ltr'><strong>U</strong></span> <span class='ocrx_word' id='word_1_36' title='bbox 578 513 607 543; x_wconf 90' lang='lat' dir='ltr'>L</span> <span class='ocrx_word' id='word_1_37' title='bbox 625 516 652 544; x_wconf 89' lang='grc' dir='ltr'>ο</span> <span class='ocrx_word' id='word_1_38' title='bbox 680 495 815 559; x_wconf 88' lang='lat' dir='ltr'>patria</span> <span class='ocrx_word' id='word_1_39' title='bbox 843 493 1108 558; x_wconf 83' lang='lat' dir='ltr'>Albingauni</span> <span class='ocrx_word' id='word_1_40' title='bbox 1131 492 1251 542; x_wconf 87' lang='lat' dir='ltr'>fuere</span> <span class='ocrx_word' id='word_1_41' title='bbox 1265 529 1279 550; x_wconf 80' lang='grc'><strong>,</strong></span> <span class='ocrx_word' id='word_1_42' title='bbox 1314 494 1440 558; x_wconf 70' lang='lat' dir='ltr'>positi</span> <span class='ocrx_word' id='word_1_43' title='bbox 1455 496 1501 541; x_wconf 74' lang='lat' dir='ltr'>in&#39;</span> <span class='ocrx_word' id='word_1_44' title='bbox 1516 495 1639 569; x_wconf 68' lang='lat' dir='ltr'>Alpi-</span> 
     </span>
    </p>
   </div>
   <div class='ocr_carea' id='block_1_4' title="bbox 231 556 1642 2204">
    <p class='ocr_par' dir='ltr' id='par_1_4' title="bbox 231 556 1642 2204">
     <span class='ocr_line' id='line_1_6' title="bbox 402 556 1642 623; baseline -0.002 -12"><span class='ocrx_word' id='word_1_45' title='bbox 402 566 476 611; x_wconf 86' lang='lat' dir='ltr'>bus</span> <span class='ocrx_word' id='word_1_46' title='bbox 499 562 745 609; x_wconf 81' lang='lat' dir='ltr'>maritimis:</span> <span class='ocrx_word' id='word_1_47' title='bbox 781 560 901 606; x_wconf 87' lang='lat' dir='ltr'>dorni</span> <span class='ocrx_word' id='word_1_48' title='bbox 925 559 1081 606; x_wconf 82' lang='lat' dir='ltr'>nobilis</span> <span class='ocrx_word' id='word_1_49' title='bbox 1096 592 1110 613; x_wconf 77' lang='grc'>,</span> <span class='ocrx_word' id='word_1_50' title='bbox 1140 558 1210 606; x_wconf 85' lang='lat' dir='ltr'>sed</span> <span class='ocrx_word' id='word_1_51' title='bbox 1226 556 1454 623; x_wconf 82' lang='lat' dir='ltr'>majoribus</span> <span class='ocrx_word' id='word_1_52' title='bbox 1469 562 1642 608; x_wconf 83' lang='lat' dir='ltr'>latrocl-</span> 
     </span>
     <span class='ocr_line' id='line_1_7' title="bbox 309 623 1636 692; baseline -0.004 -15"><span class='ocrx_word' id='word_1_53' title='bbox 309 631 510 677; x_wconf 83' lang='lat' dir='ltr'>nantibus</span> <span class='ocrx_word' id='word_1_54' title='bbox 524 666 535 682; x_wconf 94' lang='lat'>,</span> <span class='ocrx_word' id='word_1_55' title='bbox 563 641 689 691; x_wconf 85' lang='lat' dir='ltr'>atque</span> <span class='ocrx_word' id='word_1_56' title='bbox 702 627 810 673; x_wconf 78' lang='lat' dir='ltr'>adeo</span> <span class='ocrx_word' id='word_1_57' title='bbox 822 643 976 691; x_wconf 84' lang='lat' dir='ltr'>pecore</span> <span class='ocrx_word' id='word_1_58' title='bbox 989 643 1036 672; x_wconf 93' lang='lat' dir='ltr'>ac</span> <span class='ocrx_word' id='word_1_59' title='bbox 1048 623 1177 672; x_wconf 86' lang='lat' dir='ltr'>servis</span> <span class='ocrx_word' id='word_1_60' title='bbox 1191 626 1296 671; x_wconf 83' lang='lat' dir='ltr'>&amp;iis</span> <span class='ocrx_word' id='word_1_61' title='bbox 1311 626 1435 673; x_wconf 87' lang='lat' dir='ltr'>rebus</span> <span class='ocrx_word' id='word_1_62' title='bbox 1448 646 1551 692; x_wconf 88' lang='lat' dir='ltr'>quas</span> <span class='ocrx_word' id='word_1_63' title='bbox 1562 627 1636 673; x_wconf 88' lang='lat' dir='ltr'>ab-</span> 
     </span>
     <span class='ocr_line' id='line_1_8' title="bbox 310 690 1639 757; baseline -0.002 -16"><span class='ocrx_word' id='word_1_64' title='bbox 310 698 517 748; x_wconf 79' lang='lat' dir='ltr'><strong>duxerat,</strong></span> <span class='ocrx_word' id='word_1_65' title='bbox 553 691 648 739; x_wconf 89' lang='lat' dir='ltr'>satis</span> <span class='ocrx_word' id='word_1_66' title='bbox 682 693 816 739; x_wconf 86' lang='lat' dir='ltr'>dives.</span> <span class='ocrx_word' id='word_1_67' title='bbox 875 696 1029 739; x_wconf 83' lang='lat' dir='ltr'>Fertur</span> <span class='ocrx_word' id='word_1_68' title='bbox 1049 690 1236 755; x_wconf 88' lang='lat' dir='ltr'>denique</span> <span class='ocrx_word' id='word_1_69' title='bbox 1262 709 1313 737; x_wconf 92' lang='lat' dir='ltr'>eo</span> <span class='ocrx_word' id='word_1_70' title='bbox 1335 704 1526 754; x_wconf 88' lang='lat' dir='ltr'>tempore</span> <span class='ocrx_word' id='word_1_71' title='bbox 1552 710 1639 757; x_wconf 89' lang='lat' dir='ltr'>quo</span> 
     </span>
     <span class='ocr_line' id='line_1_9' title="bbox 310 755 1636 823; baseline -0.004 -15"><span class='ocrx_word' id='word_1_72' title='bbox 310 759 486 823; x_wconf 85' lang='lat' dir='ltr'>sumpfit</span> <span class='ocrx_word' id='word_1_73' title='bbox 509 758 737 823; x_wconf 86' lang='lat' dir='ltr'>imperium</span> <span class='ocrx_word' id='word_1_74' title='bbox 762 757 848 804; x_wconf 87' lang='lat' dir='ltr'>duo</span> <span class='ocrx_word' id='word_1_75' title='bbox 871 758 1005 804; x_wconf 85' lang='lat' dir='ltr'>millia</span> <span class='ocrx_word' id='word_1_76' title='bbox 1028 755 1249 803; x_wconf 84' lang='lat' dir='ltr'>servorum</span> <span class='ocrx_word' id='word_1_77' title='bbox 1265 755 1439 803; x_wconf 88' lang='lat' dir='ltr'>suorum</span> <span class='ocrx_word' id='word_1_78' title='bbox 1453 758 1636 805; x_wconf 74' lang='lat' dir='ltr'>armasse.</span> 
     </span>
     <span class='ocr_line' id='line_1_10' title="bbox 272 822 1638 888; baseline -0.001 -17"><span class='ocrx_word' id='word_1_79' title='bbox 272 827 275 829; x_wconf 62' lang='grc'><strong>’</strong></span> <span class='ocrx_word' id='word_1_80' title='bbox 311 827 433 883; x_wconf 83' lang='lat' dir='ltr'>Huic</span> <span class='ocrx_word' id='word_1_81' title='bbox 456 842 564 871; x_wconf 83' lang='lat' dir='ltr'>uxor</span> <span class='ocrx_word' id='word_1_82' title='bbox 588 828 766 888; x_wconf 80' lang='lat' dir='ltr'>virago,</span> <span class='ocrx_word' id='word_1_83' title='bbox 790 841 884 887; x_wconf 83' lang='lat' dir='ltr'>quae</span> <span class='ocrx_word' id='word_1_84' title='bbox 907 823 1032 871; x_wconf 87' lang='lat' dir='ltr'>illum</span> <span class='ocrx_word' id='word_1_85' title='bbox 1056 824 1102 869; x_wconf 91' lang='lat' dir='ltr'>in</span> <span class='ocrx_word' id='word_1_86' title='bbox 1127 823 1238 869; x_wconf 86' lang='lat' dir='ltr'>hanc</span> <span class='ocrx_word' id='word_1_87' title='bbox 1267 822 1553 886; x_wconf 83' lang='lat' dir='ltr'>praecipitavit</span> <span class='ocrx_word' id='word_1_88' title='bbox 1565 824 1638 869; x_wconf 88' lang='lat' dir='ltr'>de-</span> 
     </span>
     <span class='ocr_line' id='line_1_11' title="bbox 309 887 1634 954; baseline -0.002 -16"><span class='ocrx_word' id='word_1_89' title='bbox 309 891 514 938; x_wconf 86' lang='lat' dir='ltr'>mentiam</span> <span class='ocrx_word' id='word_1_90' title='bbox 529 924 542 945; x_wconf 85' lang='lat'>,</span> <span class='ocrx_word' id='word_1_91' title='bbox 563 890 738 936; x_wconf 89' lang='lat' dir='ltr'>nomine</span> <span class='ocrx_word' id='word_1_92' title='bbox 762 888 965 954; x_wconf 85' lang='lat' dir='ltr'>Sampso‚</span> <span class='ocrx_word' id='word_1_93' title='bbox 986 891 1101 954; x_wconf 83' lang='lat' dir='ltr'>quod</span> <span class='ocrx_word' id='word_1_94' title='bbox 1130 889 1168 934; x_wconf 90' lang='lat' dir='ltr'>ei</span> <span class='ocrx_word' id='word_1_95' title='bbox 1191 887 1332 951; x_wconf 85' lang='lat' dir='ltr'>postea</span> <span class='ocrx_word' id='word_1_96' title='bbox 1345 887 1534 935; x_wconf 89' lang='lat' dir='ltr'>inditum</span> <span class='ocrx_word' id='word_1_97' title='bbox 1548 888 1605 934; x_wconf 89' lang='lat' dir='ltr'>est</span> <span class='ocrx_word' id='word_1_98' title='bbox 1623 907 1634 935; x_wconf 76' lang='lat' dir='ltr'><em>z</em></span> 
     </span>
     <span class='ocr_line' id='line_1_12' title="bbox 310 954 1638 1019; baseline -0.001 -17"><span class='ocrx_word' id='word_1_99' title='bbox 310 961 323 980; x_wconf 88' lang='lat'>¹</span> <span class='ocrx_word' id='word_1_100' title='bbox 338 974 437 1005; x_wconf 89' lang='lat' dir='ltr'>nam</span> <span class='ocrx_word' id='word_1_101' title='bbox 453 970 575 1003; x_wconf 86' lang='lat' dir='ltr'>antea</span> <span class='ocrx_word' id='word_1_102' title='bbox 591 960 604 978; x_wconf 85' lang='lat'>²</span> <span class='ocrx_word' id='word_1_103' title='bbox 617 956 820 1019; x_wconf 86' lang='lat' dir='ltr'>Viturgia</span> <span class='ocrx_word' id='word_1_104' title='bbox 831 956 1051 1002; x_wconf 84' lang='lat' dir='ltr'>nominata</span> <span class='ocrx_word' id='word_1_105' title='bbox 1062 954 1131 1002; x_wconf 86' lang='lat' dir='ltr'>est.</span> <span class='ocrx_word' id='word_1_106' title='bbox 1170 954 1303 1000; x_wconf 84' lang='lat' dir='ltr'>Filius</span> <span class='ocrx_word' id='word_1_107' title='bbox 1316 954 1638 1010; x_wconf 84' lang='lat' dir='ltr'>Herennianus,</span> 
     </span>
     <span class='ocr_line' id='line_1_13' title="bbox 310 1018 1639 1086; baseline -0.002 -18"><span class='ocrx_word' id='word_1_108' title='bbox 310 1040 436 1086; x_wconf 87' lang='lat' dir='ltr'>quem</span> <span class='ocrx_word' id='word_1_109' title='bbox 452 1020 643 1085; x_wconf 84' lang='lat' dir='ltr'>&amp;ipsum</span> <span class='ocrx_word' id='word_1_110' title='bbox 657 1060 668 1075; x_wconf 92' lang='lat'>‚</span> <span class='ocrx_word' id='word_1_111' title='bbox 697 1022 1041 1086; x_wconf 71' lang='lat' dir='ltr'>quinquennium</span> <span class='ocrx_word' id='word_1_112' title='bbox 1057 1020 1084 1067; x_wconf 89' lang='lat' dir='ltr'>s1</span> <span class='ocrx_word' id='word_1_113' title='bbox 1099 1018 1311 1084; x_wconf 87' lang='lat' dir='ltr'>impleffet</span> <span class='ocrx_word' id='word_1_114' title='bbox 1325 1052 1339 1074; x_wconf 79' lang='grc'>,</span> <span class='ocrx_word' id='word_1_115' title='bbox 1355 1020 1430 1076; x_wconf 87' lang='lat' dir='ltr'>(ita</span> <span class='ocrx_word' id='word_1_116' title='bbox 1445 1021 1560 1065; x_wconf 87' lang='lat' dir='ltr'>enim</span> <span class='ocrx_word' id='word_1_117' title='bbox 1574 1020 1639 1066; x_wconf 90' lang='lat' dir='ltr'>lo-</span> 
     </span>
     <span class='ocr_line' id='line_1_14' title="bbox 309 1085 1642 1152; baseline -0.002 -17"><span class='ocrx_word' id='word_1_118' title='bbox 309 1088 553 1152; x_wconf 70' lang='lat' dir='ltr'>quebatur2)</span> <span class='ocrx_word' id='word_1_119' title='bbox 567 1086 738 1134; x_wconf 87' lang='lat' dir='ltr'>dicasset</span> <span class='ocrx_word' id='word_1_120' title='bbox 750 1087 947 1152; x_wconf 82' lang='lat' dir='ltr'>irnperio.</span> <span class='ocrx_word' id='word_1_121' title='bbox 983 1089 1150 1140; x_wconf 82' lang='lat' dir='ltr'>Homo,</span> <span class='ocrx_word' id='word_1_122' title='bbox 1168 1086 1284 1150; x_wconf 88' lang='lat' dir='ltr'>quod</span> <span class='ocrx_word' id='word_1_123' title='bbox 1299 1085 1448 1150; x_wconf 85' lang='lat' dir='ltr'>negari</span> <span class='ocrx_word' id='word_1_124' title='bbox 1461 1103 1548 1132; x_wconf 89' lang='lat' dir='ltr'>non</span> <span class='ocrx_word' id='word_1_125' title='bbox 1563 1104 1642 1150; x_wconf 91' lang='lat' dir='ltr'>po-</span> 
     </span>
     <span class='ocr_line' id='line_1_15' title="bbox 307 1150 1639 1217; baseline -0.002 -18"><span class='ocrx_word' id='word_1_126' title='bbox 307 1154 410 1209; x_wconf 78' lang='lat' dir='ltr'>test,</span> <span class='ocrx_word' id='word_1_127' title='bbox 434 1155 644 1216; x_wconf 77' lang='lat' dir='ltr'>optimus,</span> <span class='ocrx_word' id='word_1_128' title='bbox 672 1153 870 1217; x_wconf 85' lang='lat' dir='ltr'>idemque</span> <span class='ocrx_word' id='word_1_129' title='bbox 883 1150 1152 1199; x_wconf 86' lang='lat' dir='ltr'>fortisfimus:</span> <span class='ocrx_word' id='word_1_130' title='bbox 1184 1150 1271 1215; x_wconf 86' lang='lat' dir='ltr'>ipse</span> <span class='ocrx_word' id='word_1_131' title='bbox 1285 1151 1639 1215; x_wconf 83' lang='lat' dir='ltr'>quoquelatroci-</span> 
     </span>
     <span class='ocr_line' id='line_1_16' title="bbox 308 1217 1633 1283; baseline -0.002 -17"><span class='ocrx_word' id='word_1_132' title='bbox 308 1222 392 1266; x_wconf 86' lang='lat' dir='ltr'>niis</span> <span class='ocrx_word' id='word_1_133' title='bbox 417 1219 624 1272; x_wconf 76' lang='lat' dir='ltr'>affuetu5‚</span> <span class='ocrx_word' id='word_1_134' title='bbox 650 1219 723 1283; x_wconf 87' lang='lat' dir='ltr'>qui</span> <span class='ocrx_word' id='word_1_135' title='bbox 753 1233 894 1265; x_wconf 85' lang='lat' dir='ltr'>tamen</span> <span class='ocrx_word' id='word_1_136' title='bbox 916 1232 1118 1266; x_wconf 79' lang='lat' dir='ltr'><strong>armatam</strong></span> <span class='ocrx_word' id='word_1_137' title='bbox 1146 1217 1309 1279; x_wconf 82' lang='lat' dir='ltr'>semper</span> <span class='ocrx_word' id='word_1_138' title='bbox 1331 1217 1467 1281; x_wconf 82' lang='lat' dir='ltr'>egerit</span> <span class='ocrx_word' id='word_1_139' title='bbox 1485 1218 1633 1263; x_wconf 83' lang='lat' dir='ltr'>vitam.</span> 
     </span>
     <span class='ocr_line' id='line_1_17' title="bbox 308 1280 1636 1349; baseline -0.004 -16"><span class='ocrx_word' id='word_1_140' title='bbox 308 1289 427 1334; x_wconf 80' lang='lat' dir='ltr'>Nam</span> <span class='ocrx_word' id='word_1_141' title='bbox 440 1291 480 1332; x_wconf 69' lang='grc' dir='ltr'>ὃ(</span> <span class='ocrx_word' id='word_1_142' title='bbox 498 1283 641 1332; x_wconf 88' lang='lat' dir='ltr'>multis</span> <span class='ocrx_word' id='word_1_143' title='bbox 655 1284 896 1349; x_wconf 80' lang='lat' dir='ltr'>legionibus</span> <span class='ocrx_word' id='word_1_144' title='bbox 912 1283 1108 1330; x_wconf 84' lang='lat' dir='ltr'>tribunus</span> <span class='ocrx_word' id='word_1_145' title='bbox 1124 1280 1297 1346; x_wconf 78' lang='lat' dir='ltr'>praefuit</span> <span class='ocrx_word' id='word_1_146' title='bbox 1311 1312 1322 1334; x_wconf 84' lang='lat'>‚</span> <span class='ocrx_word' id='word_1_147' title='bbox 1350 1288 1390 1329; x_wconf 67' lang='grc' dir='ltr'>ὃς</span> <span class='ocrx_word' id='word_1_148' title='bbox 1403 1281 1532 1329; x_wconf 89' lang='lat' dir='ltr'>fortia</span> <span class='ocrx_word' id='word_1_149' title='bbox 1547 1283 1636 1329; x_wconf 91' lang='lat' dir='ltr'>edi-</span> 
     </span>
     <span class='ocr_line' id='line_1_18' title="bbox 308 1346 1637 1413; baseline -0.003 -15"><span class='ocrx_word' id='word_1_150' title='bbox 308 1350 521 1398; x_wconf 59' lang='lat' dir='ltr'>ditfaffl:</span> <span class='ocrx_word' id='word_1_151' title='bbox 549 1357 591 1397; x_wconf 65' lang='grc' dir='ltr'>ὃ(</span> <span class='ocrx_word' id='word_1_152' title='bbox 612 1352 813 1413; x_wconf 86' lang='lat' dir='ltr'>quoniam</span> <span class='ocrx_word' id='word_1_153' title='bbox 839 1350 1016 1396; x_wconf 89' lang='lat' dir='ltr'>minima</span> <span class='ocrx_word' id='word_1_154' title='bbox 1037 1346 1547 1413; x_wconf 81' lang='lat' dir='ltr'>quaequejucundasunt,</span> <span class='ocrx_word' id='word_1_155' title='bbox 1572 1363 1637 1394; x_wconf 90' lang='lat' dir='ltr'>at-</span> 
     </span>
     <span class='ocr_line' id='line_1_19' title="bbox 305 1414 1634 1480; baseline -0.002 -17"><span class='ocrx_word' id='word_1_156' title='bbox 305 1436 390 1480; x_wconf 76' lang='lat' dir='ltr'>que</span> <span class='ocrx_word' id='word_1_157' title='bbox 404 1416 563 1463; x_wconf 85' lang='lat' dir='ltr'>habent</span> <span class='ocrx_word' id='word_1_158' title='bbox 573 1416 730 1480; x_wconf 83' lang='lat' dir='ltr'>aliquid</span> <span class='ocrx_word' id='word_1_159' title='bbox 746 1417 891 1479; x_wconf 78' lang='lat' dir='ltr'>gratiae</span> <span class='ocrx_word' id='word_1_160' title='bbox 903 1433 1032 1480; x_wconf 86' lang='lat' dir='ltr'>quum</span> <span class='ocrx_word' id='word_1_161' title='bbox 1046 1416 1274 1479; x_wconf 84' lang='lat' dir='ltr'>leguntur,</span> <span class='ocrx_word' id='word_1_162' title='bbox 1300 1414 1529 1460; x_wconf 84' lang='lat' dir='ltr'>tacendum</span> <span class='ocrx_word' id='word_1_163' title='bbox 1543 1431 1634 1460; x_wconf 85' lang='lat' dir='ltr'>non</span> 
     </span>
     <span class='ocr_line' id='line_1_20' title="bbox 307 1478 1632 1547; baseline -0.002 -18"><span class='ocrx_word' id='word_1_164' title='bbox 307 1483 366 1529; x_wconf 92' lang='lat' dir='ltr'>est</span> <span class='ocrx_word' id='word_1_165' title='bbox 379 1517 393 1538; x_wconf 79' lang='lat'>‚</span> <span class='ocrx_word' id='word_1_166' title='bbox 417 1484 530 1547; x_wconf 86' lang='lat' dir='ltr'>quod</span> <span class='ocrx_word' id='word_1_167' title='bbox 558 1488 600 1528; x_wconf 69' lang='grc' dir='ltr'>ὃς</span> <span class='ocrx_word' id='word_1_168' title='bbox 622 1481 709 1545; x_wconf 81' lang='lat' dir='ltr'>ipse</span> <span class='ocrx_word' id='word_1_169' title='bbox 721 1482 987 1546; x_wconf 83' lang='lat' dir='ltr'>gloriaturin</span> <span class='ocrx_word' id='word_1_170' title='bbox 1000 1482 1181 1545; x_wconf 82' lang='lat' dir='ltr'>quadarn</span> <span class='ocrx_word' id='word_1_171' title='bbox 1195 1480 1264 1526; x_wconf 90' lang='lat' dir='ltr'>sua</span> <span class='ocrx_word' id='word_1_172' title='bbox 1276 1478 1450 1542; x_wconf 85' lang='lat' dir='ltr'>epistola</span> <span class='ocrx_word' id='word_1_173' title='bbox 1466 1513 1479 1534; x_wconf 89' lang='lat'><strong>,</strong></span> <span class='ocrx_word' id='word_1_174' title='bbox 1504 1497 1632 1543; x_wconf 88' lang='lat' dir='ltr'>quam</span> 
     </span>
     <span class='ocr_line' id='line_1_21' title="bbox 304 1545 1631 1612; baseline -0.004 -17"><span class='ocrx_word' id='word_1_175' title='bbox 304 1549 438 1611; x_wconf 75' lang='lat' dir='ltr'>ipsam</span> <span class='ocrx_word' id='word_1_176' title='bbox 476 1548 627 1594; x_wconf 83' lang='lat' dir='ltr'>melius</span> <span class='ocrx_word' id='word_1_177' title='bbox 651 1547 709 1594; x_wconf 90' lang='lat' dir='ltr'>est</span> <span class='ocrx_word' id='word_1_178' title='bbox 732 1565 890 1611; x_wconf 83' lang='lat' dir='ltr'>ponere</span> <span class='ocrx_word' id='word_1_179' title='bbox 914 1547 1042 1612; x_wconf 72' lang='lat' dir='ltr'>quam</span> <span class='ocrx_word' id='word_1_180' title='bbox 1070 1548 1123 1594; x_wconf 87' lang='lat' dir='ltr'>de</span> <span class='ocrx_word' id='word_1_181' title='bbox 1146 1565 1193 1593; x_wconf 82' lang='lat' dir='ltr'>ea</span> <span class='ocrx_word' id='word_1_182' title='bbox 1220 1545 1452 1609; x_wconf 87' lang='lat' dir='ltr'>plurimum</span> <span class='ocrx_word' id='word_1_183' title='bbox 1476 1545 1631 1591; x_wconf 88' lang='lat' dir='ltr'>dicere.</span> 
     </span>
     <span class='ocr_line' id='line_1_22' title="bbox 304 1612 1633 1675; baseline -0.002 -16"><span class='ocrx_word' id='word_1_184' title='bbox 304 1618 475 1659; x_wconf 77' lang='lat' dir='ltr'>Proculus</span> <span class='ocrx_word' id='word_1_185' title='bbox 500 1618 666 1659; x_wconf 71' lang='lat' dir='ltr'>Meziana</span> <span class='ocrx_word' id='word_1_186' title='bbox 689 1615 788 1675; x_wconf 75' lang='lat' dir='ltr'>affini</span> <span class='ocrx_word' id='word_1_187' title='bbox 814 1632 905 1661; x_wconf 82' lang='lat' dir='ltr'>s.1&gt;.</span> <span class='ocrx_word' id='word_1_188' title='bbox 937 1623 1097 1660; x_wconf 78' lang='lat' dir='ltr'>Centum</span> <span class='ocrx_word' id='word_1_189' title='bbox 1114 1630 1160 1658; x_wconf 86' lang='lat' dir='ltr'>ex</span> <span class='ocrx_word' id='word_1_190' title='bbox 1174 1612 1368 1657; x_wconf 69' lang='lat' dir='ltr'>Sarmatia</span> <span class='ocrx_word' id='word_1_191' title='bbox 1379 1612 1633 1672; x_wconf 76' lang='lat' dir='ltr'>virginescepi.</span> 
     </span>
     <span class='ocr_line' id='line_1_23' title="bbox 304 1679 1636 1737; baseline 0 -16"><span class='ocrx_word' id='word_1_192' title='bbox 304 1685 367 1724; x_wconf 74' lang='lat' dir='ltr'>&#39;Ex</span> <span class='ocrx_word' id='word_1_193' title='bbox 383 1683 434 1726; x_wconf 70' lang='lat' dir='ltr'>his</span> <span class='ocrx_word' id='word_1_194' title='bbox 446 1696 519 1725; x_wconf 76' lang='lat' dir='ltr'>mm</span> <span class='ocrx_word' id='word_1_195' title='bbox 529 1684 630 1725; x_wconf 61' lang='lat' dir='ltr'>noble</span> <span class='ocrx_word' id='word_1_196' title='bbox 639 1681 761 1726; x_wconf 82' lang='lat' dir='ltr'>decem</span> <span class='ocrx_word' id='word_1_197' title='bbox 775 1683 890 1727; x_wconf 74' lang='lat' dir='ltr'>inivi:</span> <span class='ocrx_word' id='word_1_198' title='bbox 917 1696 1038 1725; x_wconf 81' lang='lat' dir='ltr'>omnes</span> <span class='ocrx_word' id='word_1_199' title='bbox 1052 1691 1177 1724; x_wconf 74' lang='lat' dir='ltr'>tamen</span> <span class='ocrx_word' id='word_1_200' title='bbox 1187 1715 1197 1731; x_wconf 89' lang='lat'><em>,</em></span> <span class='ocrx_word' id='word_1_201' title='bbox 1213 1679 1310 1737; x_wconf 81' lang='lat' dir='ltr'>quod</span> <span class='ocrx_word' id='word_1_202' title='bbox 1317 1679 1355 1721; x_wconf 78' lang='lat' dir='ltr'>in</span> <span class='ocrx_word' id='word_1_203' title='bbox 1367 1691 1425 1721; x_wconf 80' lang='lat' dir='ltr'>me</span> <span class='ocrx_word' id='word_1_204' title='bbox 1439 1689 1537 1730; x_wconf 79' lang='lat' dir='ltr'>erat,</span> <span class='ocrx_word' id='word_1_205' title='bbox 1552 1692 1636 1721; x_wconf 82' lang='lat' dir='ltr'>mu-</span> 
     </span>
     <span class='ocr_line' id='line_1_24' title="bbox 301 1739 1636 1808; baseline -0.001 -19"><span class='ocrx_word' id='word_1_206' title='bbox 301 1747 409 1790; x_wconf 77' lang='lat' dir='ltr'>lieres</span> <span class='ocrx_word' id='word_1_207' title='bbox 429 1749 531 1791; x_wconf 76' lang='lat' dir='ltr'>intra</span> <span class='ocrx_word' id='word_1_208' title='bbox 550 1748 628 1790; x_wconf 82' lang='lat' dir='ltr'>dies</span> <span class='ocrx_word' id='word_1_209' title='bbox 652 1762 730 1790; x_wconf 81' lang='lat' dir='ltr'>XV.</span> <span class='ocrx_word' id='word_1_210' title='bbox 761 1748 914 1791; x_wconf 78' lang='lat' dir='ltr'>reddidi.</span> <span class='ocrx_word' id='word_1_211' title='bbox 956 1744 1183 1790; x_wconf 83' lang='lat' dir='ltr'>Gloriatur</span> <span class='ocrx_word' id='word_1_212' title='bbox 1207 1739 1636 1808; x_wconf 80' lang='lat' dir='ltr'>&lt;utvides)1·emine-</span> 
     </span>
     <span class='ocr_line' id='line_1_25' title="bbox 306 1805 1632 1874; baseline -0.002 -19"><span class='ocrx_word' id='word_1_213' title='bbox 306 1826 422 1874; x_wconf 83' lang='lat' dir='ltr'>ptam</span> <span class='ocrx_word' id='word_1_214' title='bbox 440 1845 453 1865; x_wconf 89' lang='lat'>,</span> <span class='ocrx_word' id='word_1_215' title='bbox 479 1816 519 1856; x_wconf 68' lang='grc' dir='ltr'>ὃς</span> <span class='ocrx_word' id='word_1_216' title='bbox 544 1810 641 1856; x_wconf 88' lang='lat' dir='ltr'>satis</span> <span class='ocrx_word' id='word_1_217' title='bbox 667 1810 961 1857; x_wconf 82' lang='lat' dir='ltr'>libidinosam:</span> <span class='ocrx_word' id='word_1_218' title='bbox 992 1825 1117 1874; x_wconf 86' lang='lat' dir='ltr'>atque</span> <span class='ocrx_word' id='word_1_219' title='bbox 1138 1810 1250 1856; x_wconf 85' lang='lat' dir='ltr'>inter</span> <span class='ocrx_word' id='word_1_220' title='bbox 1270 1807 1401 1854; x_wconf 88' lang='lat' dir='ltr'>fortes</span> <span class='ocrx_word' id='word_1_221' title='bbox 1424 1805 1464 1853; x_wconf 88' lang='lat' dir='ltr'>se</span> <span class='ocrx_word' id='word_1_222' title='bbox 1487 1806 1632 1853; x_wconf 88' lang='lat' dir='ltr'>haberi</span> 
     </span>
     <span class='ocr_line' id='line_1_26' title="bbox 231 1874 1632 1941; baseline -0.005 -17"><span class='ocrx_word' id='word_1_223' title='bbox 231 1894 279 1941; x_wconf 87' lang='lat'>13</span> <span class='ocrx_word' id='word_1_224' title='bbox 302 1877 442 1922; x_wconf 84' lang='lat' dir='ltr'>credit</span> <span class='ocrx_word' id='word_1_225' title='bbox 456 1876 484 1922; x_wconf 89' lang='lat' dir='ltr'>s1</span> <span class='ocrx_word' id='word_1_226' title='bbox 498 1876 726 1922; x_wconf 87' lang='lat' dir='ltr'>criminum</span> <span class='ocrx_word' id='word_1_227' title='bbox 743 1876 949 1923; x_wconf 71' lang='lat' dir='ltr'>densitate</span> <span class='ocrx_word' id='word_1_228' title='bbox 963 1874 1178 1922; x_wconf 82' lang='lat' dir='ltr'>coalescat.</span> <span class='ocrx_word' id='word_1_229' title='bbox 1241 1874 1331 1921; x_wconf 87' lang='lat' dir='ltr'>Hic</span> <span class='ocrx_word' id='word_1_230' title='bbox 1345 1888 1485 1919; x_wconf 87' lang='lat' dir='ltr'>tamen</span> <span class='ocrx_word' id='word_1_231' title='bbox 1496 1890 1632 1936; x_wconf 89' lang='lat' dir='ltr'>quum</span> 
     </span>
     <span class='ocr_line' id='line_1_27' title="bbox 302 1937 1632 2005; baseline -0.003 -18"><span class='ocrx_word' id='word_1_232' title='bbox 302 1942 431 1988; x_wconf 76' lang='lat' dir='ltr'>&#39;etiam</span> <span class='ocrx_word' id='word_1_233' title='bbox 449 1942 543 2005; x_wconf 81' lang='lat' dir='ltr'>post</span> <span class='ocrx_word' id='word_1_234' title='bbox 555 1943 735 1989; x_wconf 89' lang='lat' dir='ltr'>honores</span> <span class='ocrx_word' id='word_1_235' title='bbox 750 1943 953 1989; x_wconf 85' lang='lat' dir='ltr'>militares</span> <span class='ocrx_word' id='word_1_236' title='bbox 966 1941 1004 1987; x_wconf 91' lang='lat' dir='ltr'>se</span> <span class='ocrx_word' id='word_1_237' title='bbox 1018 1941 1212 2004; x_wconf 75' lang='lat' dir='ltr'>improbe</span> <span class='ocrx_word' id='word_1_238' title='bbox 1228 1946 1270 1987; x_wconf 68' lang='grc' dir='ltr'>ὃς</span> <span class='ocrx_word' id='word_1_239' title='bbox 1292 1937 1518 1986; x_wconf 86' lang='lat' dir='ltr'>libidinose</span> <span class='ocrx_word' id='word_1_240' title='bbox 1531 1971 1545 1992; x_wconf 84' lang='lat'>‚</span> <span class='ocrx_word' id='word_1_241' title='bbox 1571 1952 1632 1983; x_wconf 87' lang='lat' dir='ltr'>ta-</span> 
     </span>
     <span class='ocr_line' id='line_1_28' title="bbox 302 2004 1629 2072; baseline -0.004 -17"><span class='ocrx_word' id='word_1_242' title='bbox 302 2025 402 2055; x_wconf 90' lang='lat' dir='ltr'>men</span> <span class='ocrx_word' id='word_1_243' title='bbox 418 2006 586 2054; x_wconf 85' lang='lat' dir='ltr'>fortiter</span> <span class='ocrx_word' id='word_1_244' title='bbox 600 2022 742 2072; x_wconf 84' lang='lat' dir='ltr'>ageret</span> <span class='ocrx_word' id='word_1_245' title='bbox 754 2047 765 2062; x_wconf 93' lang='lat'><em>,</em></span> <span class='ocrx_word' id='word_1_246' title='bbox 790 2008 1062 2055; x_wconf 84' lang='lat' dir='ltr'>hortantibus</span> <span class='ocrx_word' id='word_1_247' title='bbox 1077 2004 1436 2071; x_wconf 74' lang='lat' dir='ltr'>Lugdunensibus</span> <span class='ocrx_word' id='word_1_248' title='bbox 1452 2038 1466 2058; x_wconf 85' lang='lat'>‚</span> <span class='ocrx_word' id='word_1_249' title='bbox 1489 2004 1560 2068; x_wconf 90' lang='lat' dir='ltr'>qui</span> <span class='ocrx_word' id='word_1_250' title='bbox 1587 2009 1629 2050; x_wconf 85' lang='lat'>&amp;</span> 
     </span>
     <span class='ocr_line' id='line_1_29' title="bbox 301 2071 1629 2138; baseline -0.004 -19"><span class='ocrx_word' id='word_1_251' title='bbox 301 2074 354 2120; x_wconf 80' lang='lat' dir='ltr'>ab</span> <span class='ocrx_word' id='word_1_252' title='bbox 370 2074 602 2119; x_wconf 84' lang='lat' dir='ltr'>Aureliano</span> <span class='ocrx_word' id='word_1_253' title='bbox 613 2075 804 2138; x_wconf 81' lang='lat' dir='ltr'>graviter</span> <span class='ocrx_word' id='word_1_254' title='bbox 820 2074 986 2120; x_wconf 74' lang='lat' dir='ltr'>contusi</span> <span class='ocrx_word' id='word_1_255' title='bbox 1000 2074 1255 2119; x_wconf 84' lang='lat' dir='ltr'>videbantur</span> <span class='ocrx_word' id='word_1_256' title='bbox 1267 2110 1278 2126; x_wconf 83' lang='grc'>,</span> <span class='ocrx_word' id='word_1_257' title='bbox 1305 2077 1345 2117; x_wconf 71' lang='grc' dir='ltr'>ὃ(</span> <span class='ocrx_word' id='word_1_258' title='bbox 1359 2071 1544 2116; x_wconf 81' lang='lat' dir='ltr'>Probum</span> <span class='ocrx_word' id='word_1_259' title='bbox 1557 2087 1629 2115; x_wconf 82' lang='lat' dir='ltr'>ve-</span> 
     </span>
     <span class='ocr_line' id='line_1_30' title="bbox 302 2134 1628 2204; baseline -0.005 -18"><span class='ocrx_word' id='word_1_260' title='bbox 302 2137 611 2187; x_wconf 75' lang='lat' dir='ltr'>hementiffime</span> <span class='ocrx_word' id='word_1_261' title='bbox 623 2138 975 2204; x_wconf 84' lang='lat' dir='ltr'>pertimescebant</span> <span class='ocrx_word' id='word_1_262' title='bbox 990 2173 1003 2194; x_wconf 84' lang='lat'>,</span> <span class='ocrx_word' id='word_1_263' title='bbox 1021 2140 1084 2185; x_wconf 78' lang='lat' dir='ltr'>3in</span> <span class='ocrx_word' id='word_1_264' title='bbox 1103 2139 1331 2203; x_wconf 83' lang='lat' dir='ltr'>imperium</span> <span class='ocrx_word' id='word_1_265' title='bbox 1347 2135 1555 2182; x_wconf 85' lang='lat' dir='ltr'>vocitatus</span> <span class='ocrx_word' id='word_1_266' title='bbox 1569 2134 1628 2180; x_wconf 85' lang='lat' dir='ltr'>est</span> 
     </span>
    </p>
   </div>
   <div class='ocr_carea' id='block_1_5' title="bbox 1516 2200 1626 2246">
    <p class='ocr_par' dir='ltr' id='par_1_5' title="bbox 1516 2200 1626 2246">
     <span class='ocr_line' id='line_1_31' title="bbox 1516 2200 1626 2246; baseline 0.027 -3"><span class='ocrx_word' id='word_1_267' title='bbox 1516 2200 1626 2246; x_wconf 83' lang='lat' dir='ltr'>ludo</span> 
     </span>
    </p>
   </div>
   <div class='ocr_carea' id='block_1_6' title="bbox 293 2268 1629 2570">
    <p class='ocr_par' dir='ltr' id='par_1_6' title="bbox 293 2268 1629 2570">
     <span class='ocr_line' id='line_1_32' title="bbox 345 2268 1629 2315; baseline -0.004 -12"><span class='ocrx_word' id='word_1_268' title='bbox 345 2282 371 2303; x_wconf 74' lang='lat' dir='ltr'>r·</span> <span class='ocrx_word' id='word_1_269' title='bbox 395 2273 699 2315; x_wconf 71' lang='lat' dir='ltr'>NamanteaViturgia</span> <span class='ocrx_word' id='word_1_270' title='bbox 717 2275 858 2303; x_wconf 70' lang='lat' dir='ltr'>nominata</span> <span class='ocrx_word' id='word_1_271' title='bbox 876 2272 937 2315; x_wconf 56' lang='grc' dir='ltr'>ιβ]</span> <span class='ocrx_word' id='word_1_272' title='bbox 964 2271 1073 2303; x_wconf 64' lang='lat' dir='ltr'>‘batur</span> <span class='ocrx_word' id='word_1_273' title='bbox 1097 2280 1192 2303; x_wconf 75' lang='lat' dir='ltr'>mater</span> <span class='ocrx_word' id='word_1_274' title='bbox 1220 2268 1371 2304; x_wconf 69' lang='lat' dir='ltr'>Vistorini</span> <span class='ocrx_word' id='word_1_275' title='bbox 1392 2268 1535 2310; x_wconf 81' lang='lat' dir='ltr'>Tyranni.</span> <span class='ocrx_word' id='word_1_276' title='bbox 1566 2269 1629 2298; x_wconf 79' lang='lat' dir='ltr'>Sal·</span> 
     </span>
     <span class='ocr_line' id='line_1_33' title="bbox 297 2295 1094 2359; baseline 0 -11"><span class='ocrx_word' id='word_1_277' title='bbox 297 2318 377 2349; x_wconf 78' lang='lat' dir='ltr'>Puto</span> <span class='ocrx_word' id='word_1_278' title='bbox 397 2315 540 2359; x_wconf 63' lang='lat' dir='ltr'>(cuprum</span> <span class='ocrx_word' id='word_1_279' title='bbox 556 2315 644 2350; x_wconf 81' lang='lat' dir='ltr'>fuisse</span> <span class='ocrx_word' id='word_1_280' title='bbox 663 2319 803 2348; x_wconf 64' lang='lat' dir='ltr'>Vitumnia</span> <span class='ocrx_word' id='word_1_281' title='bbox 820 2329 875 2359; x_wconf 87' lang='lat' dir='ltr'>pro</span> <span class='ocrx_word' id='word_1_282' title='bbox 889 2320 942 2349; x_wconf 74' lang='lat' dir='ltr'>Vi·</span> <span class='ocrx_word' id='word_1_283' title='bbox 961 2295 965 2350; x_wconf 64' lang='lat' dir='ltr'>l</span> <span class='ocrx_word' id='word_1_284' title='bbox 986 2317 1094 2357; x_wconf 73' lang='lat' dir='ltr'>mafius.</span> 
     </span>
     <span class='ocr_line' id='line_1_34' title="bbox 297 2352 1593 2415; baseline -0.002 -23"><span class='ocrx_word' id='word_1_285' title='bbox 297 2364 405 2401; x_wconf 54' lang='lat' dir='ltr'>truria.</span> <span class='ocrx_word' id='word_1_286' title='bbox 430 2363 591 2405; x_wconf 80' lang='lat' dir='ltr'>legendum</span> <span class='ocrx_word' id='word_1_287' title='bbox 610 2362 703 2404; x_wconf 81' lang='lat' dir='ltr'>igitur</span> <span class='ocrx_word' id='word_1_288' title='bbox 720 2363 780 2394; x_wconf 86' lang='lat' dir='ltr'>hoc</span> <span class='ocrx_word' id='word_1_289' title='bbox 797 2363 869 2394; x_wconf 84' lang='lat' dir='ltr'>loco</span> <span class='ocrx_word' id='word_1_290' title='bbox 889 2364 942 2393; x_wconf 88' lang='lat' dir='ltr'>Vi-</span> <span class='ocrx_word' id='word_1_291' title='bbox 959 2352 963 2415; x_wconf 64' lang='lat'><strong>}</strong></span> <span class='ocrx_word' id='word_1_292' title='bbox 1025 2372 1054 2393; x_wconf 83' lang='lat'>2.</span> <span class='ocrx_word' id='word_1_293' title='bbox 1075 2359 1235 2403; x_wconf 70' lang='lat' dir='ltr'>Iliturgin]</span> <span class='ocrx_word' id='word_1_294' title='bbox 1261 2357 1475 2401; x_wconf 78' lang='lat' dir='ltr'>Pal.Vituriga.</span> <span class='ocrx_word' id='word_1_295' title='bbox 1503 2360 1593 2389; x_wconf 85' lang='lat' dir='ltr'>Grut·</span> 
     </span>
     <span class='ocr_line' id='line_1_35' title="bbox 295 2402 1625 2449; baseline 0.002 -18"><span class='ocrx_word' id='word_1_296' title='bbox 295 2409 408 2449; x_wconf 61' lang='lat' dir='ltr'>frapja,</span> <span class='ocrx_word' id='word_1_297' title='bbox 428 2417 479 2439; x_wconf 68' lang='lat' dir='ltr'>aur</span> <span class='ocrx_word' id='word_1_298' title='bbox 489 2408 583 2439; x_wconf 74' lang='lat' dir='ltr'>etiam</span> <span class='ocrx_word' id='word_1_299' title='bbox 593 2410 732 2438; x_wconf 73' lang='lat' dir='ltr'>Vitturia.</span> <span class='ocrx_word' id='word_1_300' title='bbox 757 2418 826 2438; x_wconf 77' lang='lat' dir='ltr'>nam</span> <span class='ocrx_word' id='word_1_301' title='bbox 843 2410 938 2439; x_wconf 64' lang='lat' dir='ltr'>Vitta·</span> <span class='ocrx_word' id='word_1_302' title='bbox 1025 2416 1053 2447; x_wconf 80' lang='lat'>3.</span> <span class='ocrx_word' id='word_1_303' title='bbox 1080 2411 1115 2437; x_wconf 80' lang='lat' dir='ltr'>In</span> <span class='ocrx_word' id='word_1_304' title='bbox 1127 2406 1267 2446; x_wconf 67' lang='lat' dir='ltr'>imperium</span> <span class='ocrx_word' id='word_1_305' title='bbox 1281 2404 1416 2433; x_wconf 70' lang='lat' dir='ltr'>vocitatus</span> <span class='ocrx_word' id='word_1_306' title='bbox 1433 2402 1468 2445; x_wconf 75' lang='lat' dir='ltr'>est</span> <span class='ocrx_word' id='word_1_307' title='bbox 1486 2402 1548 2432; x_wconf 80' lang='lat' dir='ltr'>ludo</span> <span class='ocrx_word' id='word_1_308' title='bbox 1558 2403 1625 2444; x_wconf 61' lang='lat' dir='ltr'>pem³</span> 
     </span>
     <span class='ocr_line' id='line_1_36' title="bbox 293 2448 1626 2494; baseline -0.001 -15"><span class='ocrx_word' id='word_1_309' title='bbox 293 2451 369 2485; x_wconf 57' lang='lat' dir='ltr'>rma,</span> <span class='ocrx_word' id='word_1_310' title='bbox 390 2453 421 2482; x_wconf 86' lang='lat'>&amp;</span> <span class='ocrx_word' id='word_1_311' title='bbox 434 2454 577 2482; x_wconf 75' lang='lat' dir='ltr'>Vitturius</span> <span class='ocrx_word' id='word_1_312' title='bbox 598 2453 727 2483; x_wconf 86' lang='lat' dir='ltr'>nomina</span> <span class='ocrx_word' id='word_1_313' title='bbox 746 2453 885 2494; x_wconf 77' lang='lat' dir='ltr'>propria,</span> <span class='ocrx_word' id='word_1_314' title='bbox 907 2454 937 2484; x_wconf 63' lang='grc' dir='ltr'>ὃς</span> <span class='ocrx_word' id='word_1_315' title='bbox 978 2452 1109 2493; x_wconf 55' lang='lat' dir='ltr'>&amp;jocNJ</span> <span class='ocrx_word' id='word_1_316' title='bbox 1132 2454 1173 2481; x_wconf 85' lang='lat' dir='ltr'>ut</span> <span class='ocrx_word' id='word_1_317' title='bbox 1186 2451 1216 2480; x_wconf 63' lang='grc' dir='ltr'>ὅς</span> <span class='ocrx_word' id='word_1_318' title='bbox 1231 2448 1417 2491; x_wconf 72' lang='lat' dir='ltr'>Regilkianus</span> <span class='ocrx_word' id='word_1_319' title='bbox 1431 2449 1506 2480; x_wconf 79' lang='lat' dir='ltr'>alter</span> <span class='ocrx_word' id='word_1_320' title='bbox 1525 2457 1626 2490; x_wconf 81' lang='lat' dir='ltr'>tyran-</span> 
     </span>
     <span class='ocr_line' id='line_1_37' title="bbox 294 2492 1620 2568; baseline 0.004 -43"><span class='ocrx_word' id='word_1_321' title='bbox 294 2498 455 2527; x_wconf 55' lang='grc' dir='ltr'>ναυαγίαι,</span> <span class='ocrx_word' id='word_1_322' title='bbox 488 2499 615 2529; x_wconf 68' lang='lat' dir='ltr'>Vinaria</span> <span class='ocrx_word' id='word_1_323' title='bbox 623 2519 637 2537; x_wconf 89' lang='lat'><em>,</em></span> <span class='ocrx_word' id='word_1_324' title='bbox 655 2498 700 2530; x_wconf 89' lang='lat' dir='ltr'>vel</span> <span class='ocrx_word' id='word_1_325' title='bbox 710 2499 848 2530; x_wconf 63' lang='lat' dir='ltr'>Vitruvia</span> <span class='ocrx_word' id='word_1_326' title='bbox 859 2497 938 2529; x_wconf 78' lang='lat' dir='ltr'>dice-</span> <span class='ocrx_word' id='word_1_327' title='bbox 978 2507 1034 2529; x_wconf 80' lang='lat' dir='ltr'>nus</span> <span class='ocrx_word' id='word_1_328' title='bbox 1045 2518 1054 2534; x_wconf 90' lang='lat'>,</span> <span class='ocrx_word' id='word_1_329' title='bbox 1064 2496 1100 2528; x_wconf 85' lang='lat' dir='ltr'>de</span> <span class='ocrx_word' id='word_1_330' title='bbox 1113 2505 1174 2538; x_wconf 77' lang='lat' dir='ltr'>quo</span> <span class='ocrx_word' id='word_1_331' title='bbox 1186 2494 1299 2527; x_wconf 69' lang='lat' dir='ltr'>Pollio„</span> <span class='ocrx_word' id='word_1_332' title='bbox 1319 2492 1435 2536; x_wconf 73' lang='lat' dir='ltr'>eafimb.</span> <span class='ocrx_word' id='word_1_333' title='bbox 1599 2534 1620 2568; x_wconf 69' lang='lat' dir='ltr'><em>d</em></span> 
     </span>
     <span class='ocr_line' id='line_1_38' title="bbox 399 2539 1596 2570; baseline 0.002 -2"><span class='ocrx_word' id='word_1_334' title='bbox 399 2540 403 2547; x_wconf 77' lang='lat'><strong>⁴</strong></span> <span class='ocrx_word' id='word_1_335' title='bbox 1511 2547 1541 2569; x_wconf 84' lang='lat'>1.</span> <span class='ocrx_word' id='word_1_336' title='bbox 1558 2539 1596 2570; x_wconf 81' lang='grc' dir='ltr'>,Α</span> 
     </span>
    </p>
   </div>
  </div>
 </body>
</html>
