1664 2891
475 93 983 144 Paocutus.

1298 103 1394 165 967

62 178 168 227 ludo
181 178 290 243 pene
304 176 477 238 &joco‚
501 192 551 223 ut
562 175 791 224 Onefi-mus
803 176 933 223 dicit:
959 179 1073 242 quod
1091 179 1264 244 quidem
1276 182 1392 245 apud

58 245 227 292 nullum
252 243 380 292 aliurn
401 242 595 305 reperiffe
619 257 687 288 me
710 242 809 289 scio.
865 244 984 289 Nam
997 262 1127 307 quum
1141 247 1186 290 in
1202 250 1389 311 quodam

57 312 270 357 convivio
294 308 368 353 'ad
392 306 660 356 latrunculos
681 309 923 362 luderetur,
951 312 1104 372 ²atque
1119 310 1205 374 ipse
1221 312 1233 340 ³
1249 314 1388 359 decies

57 377 288 442 imperator
303 372 450 420 exiffet
464 407 478 430 ,
508 376 682 441 quidam
698 393 784 422 non
800 374 1004 440 ignobilis
1016 374 1157 439 lcurra
1168 410 1181 431 ,
1209 387 1286 424 Ave
1300 383 1318 442 <
1323 380 1388 425 in-

100 528 126 550 1.
151 516 211 551 Ad
226 519 391 550 latrunculos
412 515 580 557 luderetur]
607 520 698 547 vetus

51 564 158 596 austor
165 562 292 595 dixisset:
302 563 466 594 latrunculis
475 561 623 593 luderetur.
636 562 699 592 alea

51 608 154 640 ludere
165 629 174 643 ,
187 607 297 641 tesseris
309 631 317 645 ‚
334 607 513 640 latrunculis
526 628 535 643 ,
555 605 697 637 dicebant

50 662 164 686 veteres
177 665 185 685 ε
208 664 238 685 at
248 653 433 686 recentiores
445 676 454 690 ,
473 652 509 684 ad
522 652 619 683 aleam
629 672 639 687 ,
659 651 695 682 ad

48 697 196 735 tabulam,
208 701 244 731 ad
255 700 457 732 latrunculos.
476 698 591 739 Salmas?

92 764 121 785 2·
146 757 248 796 Atque
257 755 311 797 ipse
320 753 405 785 decies
414 754 556 795 imperator
566 749 692 792 exisset]

44 801 83 830 In
95 798 284 830 calculorum
294 799 370 831 ludo
383 809 473 841 quem
486 797 580 829 Graeci
593 806 694 827 recen-

46 847 144 878 tiores
171 842 337 889 ζθιἹέλκὸον
358 848 520 883 dixerunt,
539 845 694 890 unusrfuit

46 892 98 935 qui
117 891 274 926 dicebatur
294 896 365 924 Rex.
389 891 437 924 sed
456 892 488 923 in
500 892 692 924 latrunculo-

44 947 112 968 rum
126 936 220 974 ludo,
240 937 301 980 ipse
320 938 372 981 qui
389 936 531 975 ludebat,
550 935 692 969 fifaveret

44 983 128 1018 alea,
143 982 321 1014 Rexexibat·
349 981 463 1024 Cafizub.

90 1040 104 1073 3
115 1054 120 1061 .
146 1033 244 1062 Decies
255 1030 351 1072 exzffit
362 1030 534 1073 imperator]
546 1030 693 1062 Calculo-

45 1085 113 1107 rum
136 1097 146 1113 ,
177 1077 209 1108 ὃς
232 1077 475 1108 latrunculorum
494 1074 583 1107 ludus
606 1075 688 1106 idem

43 1121 177 1152 omnino
189 1121 259 1154 fuit.
282 1132 353 1152 nam
365 1122 396 1152 &
408 1121 571 1152 latrunculi
582 1120 690 1152 calculi

44 1164 235 1198 dicebantur.
260 1166 411 1199 Ovidius:

63 1214 136 1253 διερι-
144 1212 283 1243 latrocinii
283 1211 335 1253 fiaeb
348 1212 466 1254 imagine
475 1212 588 1242 calculm
598 1211 664 1242 ibit·

42 1257 194 1287 Martialis
208 1268 216 1286 :

47 1321 49 1323 -
58 1302 181 1331 Calculus
193 1300 252 1331 heic
258 1301 362 1344 gemino
373 1299 486 1342 difiolor
495 1299 564 1344 hoste
570 1302 651 1343 perit.

36 1346 161 1377 Scachios
179 1345 274 1377 hodie
293 1355 405 1377 vocant
424 1346 511 1382 Itali,
536 1348 567 1377 &
587 1346 684 1383 Galli,

34 1399 110 1423 voce
132 1388 149 1422 Ξι
169 1392 292 1422 calculis
312 1391 442 1422 detorta.
475 1391 570 1422 Graeci
583 1400 685 1422 recen—

33 1438 130 1470 tiores
147 1433 314 1481 {ahiman
328 1461 337 1474 ,
361 1440 441 1472 hunc
461 1441 617 1472 latronum
638 1441 684 1473 lu-

36 1482 111 1514 dum
131 1494 286 1516 vocarunt.
321 1485 608 1518 inludolatronum
622 1487 681 1517 cal-

32 1529 119 1559 culus
131 1539 206 1561 unus
217 1538 279 1561 erat
290 1552 299 1566 ‚
319 1531 370 1573 qui
381 1530 536 1563 dicebatur
545 1542 604 1563 rex.
628 1532 679 1574 qui

32 1583 99 1605 non
110 1575 184 1605 alias
197 1596 205 1610 ,
226 1577 343 1606 moveri
362 1573 497 1612 solebat,
518 1587 609 1619 quam
628 1576 680 1608 ubi

30 1618 162 1650 maxima
172 1619 454 1659 urgeretneceffitas
467 1643 475 1658 ,
492 1622 523 1653 δι
534 1622 616 1653 aliud
627 1628 679 1654 a'u‘

30 1663 97 1694 xilii
116 1673 181 1694 non
198 1660 364 1706 suppeteret
380 1664 474 1705 lusori
491 1665 679 1699 adsedefen-

31 1707 178 1739 dendum.
210 1712 247 1741 Et
266 1719 370 1742 totum
389 1711 508 1742 zatricii
524 1713 678 1744 autlatro-

30 1763 106 1784 num
119 1753 182 1785 ludi
194 1756 352 1797 negotium
366 1778 373 1791 ,
395 1755 511 1788 bellum
530 1766 611 1793 erat,
631 1758 676 1789 vel

29 1796 104 1830 belli
116 1798 320 1832 fimulacrum.
343 1800 415 1832 hinc
426 1802 533 1832 calculi
548 1801 599 1843 ipfi
608 1802 676 1844 qui-

28 1841 86 1874 bus
97 1843 258 1875 ludebatur
270 1866 278 1880 ,
299 1847 329 1877 ὃ(
342 1846 495 1883 latrones,
517 1848 549 1878 ἂ
560 1847 676 1879 milites

30 1887 220 1921 dicebantur.
244 1892 336 1923 Poeta
346 1900 430 1923 vetus
443 1902 451 1922 ε

52 1950 120 1959 ·—
133 1939 174 1967 (φ’
185 1936 271 1966 vitreo
279 1945 442 1979 peraguntur
450 1937 539 1967 milite
548 1934 628 1968 bella.

30 1979 182 2010 Martialis
200 1980 233 2011 in
254 1981 479 2024 Epigrammate
496 1983 579 2022 cujus
597 1983 674 2015 iem-

30 2034 80 2059 ma
92 2046 100 2060 s
124 2026 248 2055 Calculi:

45 2067 243 2111 Infidiofhrum
257 2068 282 2109 fi
292 2068 368 2101 ludia
378 2068 448 2101 bella
457 2072 607 2101 latronum.

37 2143 39 2145 .
69 2118 210 2145 Gemmeus
222 2114 269 2155 rste
279 2116 333 2146 tzbi
345 2117 433 2154 miles,
445 2120 485 2150 ξφ
496 2115 577 2158 ὧρβιὲῑ
586 2117 649 2147 crit.

27 2158 142 2191 Omnia
164 2160 197 2191 in
213 2160 270 2191 illo
286 2161 361 2192 ludo
372 2161 585 2203 adimaginem
598 2160 673 2193 belli

25 2212 112 2235 erant
122 2203 297 2246 compofita.
321 2206 392 2237 hinc
409 2207 545 2238 militum
556 2228 565 2243 ‚
585 2207 671 2243 aciei,

24 2248 193 2291 phalangis,
204 2250 308 2292 praelii,
319 2250 672 2294 hostium,captivorum,

25 2294 336 2337 tvropaeorum‘paffim
356 2297 477 2327 mentio
499 2296 577 2338 apud
589 2306 670 2329 vete-

25 2349 72 2370 res
81 2338 155 2370 dum
170 2339 258 2371 illum
276 2340 383 2373 ludum
401 2339 582 2373 describunt.
605 2342 671 2373 vin-

27 2382 156 2415 cebatin
171 2384 231 2416 hoc
248 2386 323 2417 ludo
335 2407 346 2423 ‚
368 2387 419 2430 qni
439 2396 548 2418 omnes
569 2397 603 2418 ex
620 2386 672 2418 ad-

26 2427 110 2459 verso
131 2429 263 2461 ludentis
284 2432 398 2463 milites
419 2441 522 2473 capere
539 2441 670 2473 poterat,

28 2474 60 2505 &
72 2483 171 2517 regem
183 2473 279 2517 ipfum
289 2497 299 2513 ,
315 2476 374 2509 hoc
384 2475 425 2508 est
433 2477 601 2520 principem
612 2479 673 2510 cal-

1276 451 1388 507 quit)

740 515 844 548 culum
856 540 865 555 ,
889 519 959 562 quia
969 527 1125 561 nunquam
1136 517 1308 560 capiebatur
1323 544 1332 558 ,
1350 524 1389 556 ad

740 560 851 594 incitas
864 565 1006 607 redigere.
1031 563 1146 595 Tabula
1156 564 1186 594 in
1200 574 1256 607 qua
1268 566 1388 599 latrun-

740 606 817 637 culis
829 608 988 641 ludebatur
996 609 1074 651 apud
1082 618 1209 646 veteres,
1220 618 1286 641 tot-a
1295 612 1385 644 lineis

737 660 800 681 erat
810 651 961 690 distincta,
973 656 1004 686 &
1017 654 1178 697 unicuique
1187 655 1305 687 calculo
1315 654 1384 689 suus

737 694 824 727 locus
834 708 868 729 ac
878 696 927 730 sua
937 697 1016 731 sedes
1026 697 1288 732 attributa-tabula
1298 702 1382 735 enim

735 738 965 786 lusorialigneis
977 744 1166 787 quadraturis
1175 743 1382 780 discoloribus

735 786 908 820 alternatim
921 788 1025 831 positis
1035 789 1174 820 distincta
1184 789 1234 822 est.
1260 792 1291 823 &
1303 792 1335 823 in
1345 792 1383 824 il-

734 829 771 861 lis
784 832 972 874 quadraturis
984 835 1078 866 locari
1090 833 1187 866 solent
1196 836 1316 867 calculi.
1338 835 1384 869 se-

732 879 783 911 des
795 882 862 914 illas
874 885 1061 916 calculorum
1072 885 1166 916 Graeci
1177 885 1256 916 olim
1266 879 1380 921 πέλές,

732 930 832 972 postea
841 927 945 973 χώρας
960 943 1183 975 nuncuparunt.
1205 934 1275 965 hinc
1284 930 1381 971 wd-

732 976 848 1021 χωρῶ
869 990 931 1013 tarn
945 982 977 1012 in
988 981 1099 1013 tesseris
1114 993 1205 1026 quam
1217 982 1249 1013 in
1266 983 1382 1014 latrun-

734 1025 809 1056 culis
822 1023 902 1057 lusor
914 1027 966 1058 ille
976 1026 1130 1058 dicebatur
1144 1049 1153 1063 ,
1171 1028 1221 1070 qui
1232 1027 1382 1061 omnibus

731 1068 789 1100 suis
803 1072 926 1102 calculis
946 1069 1091 1113 spoliatus
1106 1074 1137 1104 ὅ(
1150 1073 1246 1104 vietus
1265 1072 1380 1111 abibat,

731 1124 841 1156 utpote
851 1116 903 1160 qui
913 1116 949 1148 ad
969 1128 1063 1148 unum
1081 1117 1218 1149 redactus
1237 1115 1307 1149 esset
1318 1119 1380 1150 cal-

731 1167 844 1196 culum.
879 1175 993 1198 veteres
1014 1164 1125 1199 Gloss'a:
1140 1177 1147 1197 ε
1171 1162 1376 1207 μθνόχωρῶ,

729 1208 865 1240 adunatus
883 1212 912 1240 in
931 1211 1030 1242 tabula.
1057 1210 1179 1243 notabis
1190 1221 1290 1243 autem
1305 1211 1376 1250 tibi,

725 1255 895 1297 elegantem
922 1258 1087 1288 notionem
1116 1255 1198 1287 verbi
1226 1255 1377 1294 adunatus,

727 1309 783 1341 pro
802 1310 839 1332 eo
853 1301 905 1344 qui
916 1301 953 1332 ad
972 1313 1067 1334 unum
1078 1301 1213 1333 redactus
1226 1300 1267 1333 est
1278 1303 1377 1334 calcu-

726 1345 803 1376 lum.
825 1355 856 1377 at
871 1347 972 1378 Latini
994 1347 1124 1378 mandras
1137 1369 1146 1382 ,
1155 1347 1233 1389 fipta
1246 1368 1255 1382 ,
1275 1345 1378 1383 vallos,

727 1391 758 1421 &
771 1392 858 1433 capfos
870 1414 878 1428 ,
891 1393 923 1422 ὅ(
935 1404 1048 1423 carceres
1060 1390 1210 1423 vocabant
1222 1414 1231 1428 ,
1242 1392 1309 1423 loca
1319 1391 1373 1424 illa

727 1433 783 1466 sive
803 1435 883 1468 sedes
903 1438 935 1468 in
957 1436 1059 1469 tabula
1073 1459 1081 1473 ,
1100 1437 1131 1467 in
1150 1435 1258 1478 quibus
1279 1437 1374 1468 veluti

725 1479 796 1512 clufi
810 1481 991 1514 tenebantur
1008 1483 1185 1514 latrunculi.
1209 1482 1375 1514 Martialis:

746 1526 879 1558 Mandria
890 1533 929 1562 ε’*
940 1529 1028 1558 vitreo
1038 1529 1138 1558 latrone
1147 1527 1256 1567 clausis.

725 1581 796 1603 nam
817 1573 952 1604 calculus
971 1573 1022 1616 qui
1041 1573 1072 1603 in
1086 1570 1370 1604 calculidiscoloris

723 1614 821 1648 sedem
832 1616 963 1649 faciebat
973 1621 1121 1659 impetum
1135 1638 1143 1652 ‚
1162 1625 1194 1647 ut
1205 1622 1273 1648 etun
1286 1626 1372 1658 cape-

722 1670 767 1693 ret
778 1686 786 1699 ,
800 1663 830 1694 &
843 1661 909 1694 sede
919 1661 966 1694 sua
976 1664 1123 1704 pelleret,
1138 1661 1296 1693 mandram
1305 1664 1370 1701 eius

706 1712 707 1715 ’
720 1704 777 1738 five
807 1708 921 1739 vallum
957 1707 1097 1750 frangere
1130 1706 1368 1749 intelligebatur.

722 1751 840 1783 mandra
849 1775 857 1789 ,
868 1753 949 1785 idem
961 1753 1044 1796 quod
1056 1751 1172 1794 septum
1184 1752 1226 1782 vel
1241 1752 1366 1783 vallum.

723 1799 991 1843 Gizfflgqo'noepff.
1020 1802 1053 1833 in
1064 1813 1100 1833 eo
1114 1801 1190 1832 ludo
1200 1801 1369 1842 imperator

718 1847 798 1878 exire
814 1846 970 1879 dicebatur
981 1869 989 1883 ,
1005 1848 1058 1889 qui
1078 1845 1212 1888 superior
1230 1844 1364 1878 discede-

718 1890 788 1928 bat,
808 1890 1102 1935 regemqueadversae
1110 1892 1201 1933 partis
1216 1890 1363 1923 omnibus

698 1929 701 1967 Ι
722 1934 779 1967 suis
790 1936 942 1968 militibus
963 1935 1112 1978 spoliabat
1125 1959 1133 1972 ,
1152 1934 1312 1979 1psumque
1324 1936 1364 1968 ad

698 1970 703 2027 l
718 1981 826 2013 incitas
838 1981 1002 2025 redigebat.
1026 1982 1058 2013 in
1071 1990 1133 2025 quo
1145 1981 1221 2013 nihil
1233 1981 1364 2014 fortunae

698 2029 702 2072 1
719 2025 893 2063 licebat‚sed
902 2027 959 2059 arti
972 2028 1003 2058 ὃ(
1015 2026 1165 2059 industriae
1177 2025 1245 2062 soli,
1257 2026 1365 2059 luden-

718 2071 808 2114 dique
819 2072 1031 2114 pcritiaelocus
1050 2081 1123 2103 erat.
1155 2071 1308 2115 hodieque
1329 2072 1362 2104 in

719 2117 794 2148 ludo
806 2118 963 2149 latronum
975 2118 1020 2149 vel
1032 2116 1255 2153 scacorum,alii
1266 2118 1367 2149 calcu-

719 2163 741 2193 li
754 2161 823 2193 sum
837 2184 847 2200 ‚
871 2163 921 2205 qui
933 2162 1043 2194 ordine
1053 2172 1235 2198 moventur,
1247 2162 1298 2193 alii
1309 2162 1363 2205 qui

717 2217 787 2250 vage
801 2208 832 2239 &
844 2207 977 2251 oblique.
1001 2208 1090 2239 inciti
1104 2216 1206 2239 autem
1219 2207 1364 2240 dicuntur

717 2253 769 2295 qui
780 2263 817 2284 eo
830 2250 895 2285 sunt
905 2253 1017 2285 redacti
1029 2276 1038 2290 ,
1058 2262 1089 2285 ut
1101 2253 1172 2284 cieri
1183 2253 1362 2296 moverique

718 2307 876 2340 nequeant.
899 2298 972 2330 inde
980 2297 1175 2340 proverbium
1188 2320 1197 2334 ,
1213 2297 1361 2329 adincitaae

715 2344 762 2374 vel
779 2342 817 2373 acl
833 2344 920 2374 incita
938 2343 1074 2387 redigere,
1095 2353 1150 2385 pro
1165 2343 1202 2374 ad
1212 2352 1360 2375 extremas

718 2396 813 2419 metas
826 2388 1029 2431 compellere,
1050 2390 1082 2420 δε
1094 2390 1125 2419 in
1144 2387 1293 2421 summam
1311 2388 1365 2421 de-

715 2431 917 2474 sperationem
933 2434 1065 2478 aliquem
1081 2434 1241 2467 adducere.
1266 2439 1364 2467 Porro

695 2484 804 2522 lquem
820 2488 934 2514 veteres
952 2481 1083 2511 calculum
1095 2481 1230 2519 incitam,
1251 2481 1312 2514 hoc
1321 2479 1363 2510 est

1019 2528 1096 2570 I’Pt‘
1120 2535 1140 2566 4
1325 2523 1365 2556 ad
