1664 2891
352 69 590 116 Divus

662 67 1187 114 Auammuusj

1349 67 1442 134 3915Ι

93 153 240 186 aureas
266 133 453 200 gregarii
472 130 630 178 milites
654 133 862 178 haberent
884 163 898 185 ‚
932 131 1049 177 idern
1080 136 1244 194 primus
1267 137 1440 182 conces:-

96 203 173 257 fit;
199 220 329 267 quum
355 212 727 262 anteaargenteas
755 194 1008 243 habuissent.
1051 199 1340 264 'Paragaudas
1366 219 1438 248 ve-

96 269 175 317 stes
205 268 295 334 ipse
322 269 486 331 primus
523 264 735 311 militibus
770 263 891 311 dedit
916 282 926 310 :
956 267 1116 328 ²quum
1146 268 1245 312 ante
1265 267 1439 316 nonnifi

94 398 356 442 Habuiffisig-itur,
376 406 410 430 ut
430 398 586 436 multum,
608 397 742 440 paedero-

94 449 175 478 tinas
189 444 279 478 vestes
291 452 451 475 matronas
464 447 624 476 Romanas
636 465 645 479 ,
666 443 740 475 dicit

93 487 336 533 Vopifcus‚quafi
348 490 482 521 multum
492 488 596 526 fuerit,
608 489 741 531 paedero-

94 538 174 568 tinas
188 536 229 566 eis
239 532 328 565 fuisse
338 533 501 566 concessas.
537 534 740 577 paederotinue

92 591 193 613 autern
206 581 236 610 in
249 579 381 611 vestibus
393 582 493 616 color,
505 590 570 611 non
580 579 596 612 {i
606 579 738 622 paedero-

91 635 121 657 te
132 625 223 656 herba
233 647 241 660 ,
261 623 318 656 five
330 625 486 657 caerefolio
498 648 507 662 ,
527 624 585 657 five
595 625 739 661 acantho,

88 669 140 703 sed
152 670 169 702 Ξι
183 671 334 711 paederote
343 682 475 714 gemma.
499 682 589 714 quam
599 671 662 702 alio
681 680 741 702 no-

90 717 176 747 mine
186 716 337 757 opallium
354 717 461 748 dixere.
474 716 738 760 quemadmodum

89 770 190 793 autern
215 762 248 792 in
266 771 398 804 purpura
415 763 489 794 varit
509 760 577 794 sunt
595 763 739 794 colorum

90 806 198 849 gradus
214 830 222 844 ,
244 808 418 839 &luminis
434 829 443 843 ‚
464 817 498 839 ut
508 809 606 840 vetius
627 807 738 839 dicam.

90 851 290 890 differentiae,
321 864 385 895 quae
404 863 496 894 prout
513 852 640 894 ptessior
660 851 739 884 stitu-

89 898 214 941 riorque
231 897 291 935 est,
313 900 358 930 vel
378 898 508 931 dilutior
522 921 530 934 ‚
549 899 592 930 ita
609 899 739 930 nomina

86 943 228 981 invenit3
253 943 437 975 undeblatta
458 946 488 975 ὃς
510 943 675 985 oxyblatta.
699 942 738 975 fic

88 988 122 1019 in
132 989 284 1030 paederote
293 1000 415 1032 gemma
426 989 498 1019 varii
509 989 629 1020 elucent
648 989 739 1020 colo-

89 1043 149 1068 res.
174 1035 228 1066 alii
247 1036 330 1066 enim
349 1033 493 1065 fusciotis
512 1034 628 1064 coloris
648 1031 737 1070 sunt,

86 1080 141 1110 alil
153 1079 309 1111 dilutioris
321 1091 328 1110 :
342 1080 504 1110 mellorem
515 1078 606 1110 illum
617 1076 674 1109 effe
687 1089 738 1109 co-

87 1124 189 1156 lorem
205 1124 322 1156 constat
333 1146 341 1160 ,
364 1126 446 1163 cujus
459 1125 548 1155 color
557 1124 621 1155 vini
632 1124 738 1155 colore

85 1167 236 1204 fuscatur.
260 1180 351 1213 quarn
371 1170 423 1212 qui
440 1169 662 1212 diluituraqua.
693 1179 736 1201 at‘

87 1224 146 1257 que
155 1215 204 1246 hic
213 1224 276 1247 erat
288 1238 296 1251 ‚
310 1215 346 1246 ad
360 1225 451 1257 quern
463 1214 650 1257 tingentium
664 1213 735 1246 offi-

86 1260 161 1291 cinae
171 1259 343 1303 dirigebant
355 1270 427 1292 vota
438 1283 446 1296 ‚
472 1261 562 1292 cui&
583 1260 736 1302 oxypaede-

82 1305 224 1337 rotinum
234 1307 377 1337 videntur
397 1316 512 1337 nornen
531 1304 640 1337 feciffe.
671 1317 737 1337 non

84 1360 233 1393 magnum
244 1349 312 1383 sane
322 1350 484 1384 disetitnen
506 1360 627 1393 apparet
650 1350 736 1383 fuisse

83 1394 164 1428 inter
183 1396 420 1438 amethystinum
433 1419 440 1433 ‚
463 1398 493 1428 &
515 1396 735 1439 oxypaederoti-

85 1451 170 1473 num.
197 1452 289 1485 quare
301 1452 366 1473 non
379 1443 492 1473 mirum
503 1440 544 1473 est
554 1452 626 1473 eum
646 1443 734 1474 colo-

84 1496 149 1518 rem
166 1509 173 1522 ‚
188 1496 221 1519 ut
230 1486 442 1528 pretiosiorem
455 1511 463 1524 ,
474 1489 503 1518 &
516 1497 649 1529 purpurae
660 1499 733 1530 pto-

79 1531 200 1573 piorem
220 1533 315 1564 rarius
336 1530 421 1564 fuisse
443 1534 592 1564 matronis
612 1532 733 1576 usurpa-

81 1585 163 1608 tum.
190 1578 334 1609 videntur
345 1588 418 1620 ergo
431 1587 578 1609 tnatronae
598 1579 630 1609 in
650 1577 726 1611 sola⁴

81 1622 161 1653 tium
172 1622 320 1665 ademptae
340 1633 474 1665 purpurae
494 1624 541 1654 vel
555 1624 731 1667 conchylia-

79 1676 116 1699 tae
128 1666 215 1698 vestis
227 1690 235 1704 ‚
247 1677 298 1699 aut
310 1677 342 1699 ut
355 1677 422 1700 tum
435 1668 642 1711 loquebantur
652 1670 731 1702 blat-

79 1721 135 1744 teae
147 1735 155 1749 ,
175 1723 239 1755 quae
257 1723 321 1745 erat
339 1714 442 1757 magni
461 1714 571 1757 pretii,
595 1715 730 1758 amethy-

80 1757 173 1789 stinas
187 1760 217 1790 §e
229 1758 487 1802 oxypaederotinas
499 1782 507 1796 ,
518 1770 583 1803 quae
592 1762 731 1803 proxime

78 1804 117 1835 ad
134 1813 298 1846 purpureas
323 1805 500 1837 accederent
518 1828 528 1843 ‚
557 1805 590 1837 in
609 1805 663 1839 usu
680 1806 730 1838 hn-

77 1846 181 1881 buisse.
208 1851 297 1880 Idem.

87 1909 90 1915 ⁴
122 1900 140 1921 *
167 1903 201 1930 Et
220 1909 251 1930 ut
264 1899 370 1939 fibulzvs
388 1911 485 1931 aureas
500 1901 619 1944 gregarii
629 1902 731 1932 militas

74 1943 200 1975 haberent
215 1966 225 1981 ‚
245 1944 318 1975 idem
334 1946 437 1988 primus
457 1946 612 1987 concessis]
640 1946 731 1988 Apud

77 1999 192 2021 veteres
214 1989 314 2023 fibulae
325 2000 418 2022 aureae
429 1991 509 2022 inter
518 1992 638 2033 praemia
647 1993 727 2023 mili*

77 2035 152 2067 tatia
161 2035 270 2068 donari
281 2034 425 2073 solitae,&
436 2035 525 2070 fimul
535 2040 581 2079 jus
591 2037 628 2068 iis
641 2047 713 2069 uten
721 2056 729 2060 -

77 2080 121 2112 di.
149 2081 270 2122 Cafizub.

123 2141 152 2162 1-
176 2131 352 2175 Paragaudas
370 2131 453 2176 vastes
470 2134 524 2176 ips}
535 2134 641 2176 primus
652 2134 728 2164 mili-

77 2174 150 2208 tibus
160 2175 265 2218 dadin]
278 2178 404 2214 Malim,
410 2178 610 2222 paragaudias.
628 2179 726 2210 Idem.

147 2227 333 2271 ‘paragaudas
357 2227 439 2271 vestes
470 2231 523 2270 inst
538 2231 643 2271 primus
653 2230 727 2258 mili-

77 2272 153 2309 tibia
166 2276 273 2318 dadin]
296 2281 392 2312 Graeci
416 2264 622 2324 ἤιθὲδθψώᾶᾕν
644 2278 726 2309 tuni-

77 2322 252 2364 camipsam
271 2326 424 2366 appellant
437 2346 447 2360 ‚
469 2325 514 2356 vel
536 2325 640 2365 potius
661 2326 726 2354 Par-

76 2368 122 2400 thi
140 2390 149 2405 ‚
170 2367 186 2401 Ξι
210 2368 328 2412 ‘quibus
349 2380 467 2403 nomen
496 2369 534 2401 ad
561 2373 723 2401 Romanos

79 2415 224 2446 manavir.
272 2415 454 2458 paragaudiae
484 2424 587 2447 autem
616 2415 724 2447 tunicae

77 2469 185 2504 ptaeter
193 2461 374 2504 paragaudas
384 2485 395 2501 ,
417 2461 477 2493 hoc
492 2459 534 2493 est
547 2461 615 2493 lota
626 2461 656 2493 in
668 2460 725 2492 cit-

1278 336 1291 356 ¹
1304 335 1441 382 redeas

790 396 907 428 cultum
925 404 1066 439 praetexta
1083 417 1094 433 ,
1121 396 1168 428 vel
1188 395 1322 435 intexta,
1346 401 1439 432 clavis

791 444 883 475 etiam
904 443 1002 474 aureis
1021 450 1106 473 erant
1127 441 1291 474 distinetae.
1322 453 1387 475 non
1406 456 1443 476 o-

791 498 879 520 mnes
890 497 994 519 tamen
1006 487 1178 531 paragaudae
1188 496 1275 519 erant
1288 498 1363 520 auro
1382 490 1444 521 cla-

789 543 873 565 vatae.
897 535 1021 575 Salmas.

840 589 870 611 2.
894 580 963 610 (tim
985 580 1049 609 ante3
1068 576 1170 618 nonmfi
1187 578 1276 608 rastas
1292 588 1441 621 purpureas

788 621 973 666 accepzffint]
985 624 1094 656 Restas
1105 633 1266 666 purpureas
1278 623 1367 660 dicit,
1378 633 1444 667 quae

788 667 943 714 segmenta
961 679 1108 711 purpurea
1126 669 1206 701 ree‘ta
1219 667 1374 702 haberent.
1398 667 1442 701 se-

787 723 911 757 gmenta
921 714 1052 746 vestibus
1060 713 1339 757 appingebant,alia
1349 713 1443 752 resta,

787 760 846 791 alia
855 757 1029 797 transversa,
1039 761 1099 791 alia
1107 760 1200 791 etiam
1210 759 1307 791 aliter.
1321 760 1445 791 tenuio-

787 816 854 837 rum
876 804 1064 837 vestimentis
1081 805 1161 836 resta
1182 802 1282 840 solum
1309 805 1443 844 inerant,

788 851 819 882 &
832 850 957 894 quidem
967 849 1090 893 fingula.
1116 850 1233 891 Cafimb.
1376 884 1379 886 ‚

842 899 942 937 Qum
959 906 1023 926 ante
1043 908 1093 926 non
1113 894 1164 935 nrfi
1182 895 1268 926 roilas
1292 905 1436 939 purpureas

785 940 972 983 acceptffint]
980 944 1053 974 Non
1062 939 1234 982 putandum
1246 942 1362 972 milites
1371 952 1443 983 pur-

785 996 890 1027 pureas
901 984 1035 1018 habuisse
1044 986 1183 1023 tunicas,
1211 996 1286 1028 quas
1306 984 1363 1018 soli
1384 997 1437 1029 ge-

785 1030 903 1062 stabant
934 1032 1145 1073 imperatores,
1179 1028 1227 1062 sed
1247 1041 1435 1074 purpureum

786 1075 853 1107 heic
865 1086 929 1107 non
940 1075 1091 1108 blatteum
1102 1085 1153 1108 aut
1166 1073 1311 1119 sanguine
1325 1087 1438 1119 purpu-

786 1132 824 1152 rae
837 1121 972 1153 tinstum
994 1120 1149 1164 designat,
1176 1119 1226 1153 sed
1257 1120 1434 1163 simpliciter

785 1165 913 1199 rubrum
936 1188 945 1203 ‚
975 1177 1026 1199 aut
1043 1164 1167 1199 ruffum.
1203 1176 1254 1208 per
1271 1168 1358 1198 reHas
1380 1167 1437 1209 igi-

783 1220 833 1243 tur
846 1222 992 1255 purpureas
1012 1213 1160 1255 intelligit
1179 1210 1326 1254 Vopiscus
1344 1213 1435 1254 ruffin

783 1261 892 1290 tunicas
908 1260 1046 1294 rnilitum
1067 1282 1074 1293 ‚
1105 1270 1169 1303 quae
1189 1260 1221 1291 δε
1249 1254 1434 1301 monaldi:

782 1304 972 1337 dicebantur.
1000 1316 1071 1337 narn
1090 1305 1164 1336 rebla
1183 1304 1223 1337 est
1241 1307 1344 1338 tunica
1357 1328 1366 1343 ‚
1395 1315 1430 1339 ut

782 1351 874 1392 paulo
894 1350 962 1393 post
979 1350 1129 1382 dicemus.
1161 1361 1317 1393 purpureae
1344 1351 1434 1384 restae

781 1394 850 1428 sunt
859 1398 958 1427 tunicae
968 1396 1048 1438 ruffae
1059 1397 1194 1427 militares
1207 1419 1216 1433 ,
1226 1407 1356 1439 quarum
1368 1408 1433 1429 rne-

781 1442 874 1473 minit
897 1440 1070 1475 Trebellius
1098 1442 1131 1472 in
1160 1441 1242 1473 Divo
1270 1442 1431 1475 Claudio:

780 1487 932 1519 Martialis
943 1486 976 1517 de
989 1485 1131 1527 Canusinis
1140 1486 1221 1525 ruſs'is
1233 1500 1244 1517 :

800 1537 888 1572 Roma
905 1531 991 1576 magtls
1002 1532 1095 1575 fuscis
1114 1531 1250 1574 vestitur,
1270 1530 1366 1576 §allia
1382 1542 1431 1565 ru·

947 1591 959 1609 J
970 1591 980 1608 .”

820 1626 856 1654 Et
861 1624 949 1665 placet
960 1623 1004 1654 hic
1011 1623 1101 1665 pueris
1111 1621 1300 1666 militibusque
1308 1624 1385 1654 color.

779 1674 893 1705 Gtaecis
903 1674 991 1705 color
1000 1671 1050 1704 hic
1063 1667 1173 1716 πυῤῥός
1186 1671 1310 1704 dicitur.
1335 1670 1429 1705 Glos-

778 1721 830 1754 sae:
857 1717 967 1764 πυῤῥός
979 1742 988 1756 ‚
1019 1723 1120 1765 rufflus
1131 1746 1141 1760 ,
1170 1722 1290 1754 rubricm
1303 1745 1312 1759 ‚
1332 1723 1429 1762 rufus.

772 1770 810 1800 ¹&
821 1766 976 1800 sciendum
986 1767 1028 1799 est
1040 1789 1051 1804 ‚
1072 1777 1104 1800 ut
1117 1769 1214 1800 Graeci
1225 1766 1277 1799 sub
1296 1768 1427 1800 nomine

778 1813 890 1859 πυῤῥός
908 1814 1089 1856 plerumque
1109 1814 1204 1845 etiam
1220 1812 1426 1855 comprehen-

774 1863 873 1899 dunt,
907 1861 940 1893 &
955 1857 1088 1897 ξανθὸν,
1112 1859 1148 1893 &
1175 1858 1360 1903 φοινικικέν
1390 1859 1426 1893 &

775 1907 906 1950 μήλινον
919 1920 926 1942 :
948 1912 988 1946 fic
1000 1913 1128 1945 Latinos
1139 1913 1242 1945 rufum
1253 1915 1301 1945 vel
1311 1911 1425 1945 russum

775 1961 884 1990 vocare
894 1957 926 1989 id
938 1969 1033 1992 omne
1044 1982 1053 1995 ‚
1073 1959 1159 2002 quod
1171 1959 1217 1992 vel
1229 1958 1355 1991 rubrum
1369 1957 1425 1995 est,

773 2004 819 2035 vel
830 2002 959 2040 flavum,
979 2005 1025 2036 vel
1038 2015 1179 2036 croceum
1191 2027 1199 2041 ‚
1217 2013 1267 2036 aut
1290 2005 1425 2041 luteum,

774 2049 952 2080 coceineum
974 2051 1007 2082 ἃ
1033 2060 1227 2092 purpureum.
1254 2048 1293 2081 sic
1311 2059 1425 2092 purpu—

773 2105 835 2126 reas
863 2095 981 2126 tunicas
1003 2118 1012 2132 ,
1040 2095 1099 2126 hoc
1117 2094 1158 2127 est
1178 2118 1187 2132 ‚
1206 2093 1297 2127 russas
1318 2096 1352 2126 &c
1373 2105 1427 2126 ru-

773 2140 842 2171 tilas
855 2149 924 2171 cum
935 2141 1016 2182 prius
1027 2141 1197 2182 acciperent
1208 2139 1245 2172 ab
1256 2140 1424 2182 imperato<

774 2195 804 2216 re
816 2186 930 2216 milites
952 2207 962 2222 ,
991 2186 1174 2218 Aurelianus
1186 2185 1302 2228 primus
1313 2186 1356 2217 eis
1367 2185 1425 2217 do-

772 2230 854 2262 navit
872 2231 1056 2273 paragaudias
1069 2253 1077 2267 ‚
1104 2231 1135 2262 id
1153 2230 1194 2263 est
1214 2231 1291 2262 loris
1309 2231 1423 2263 auratis

772 2277 819 2307 vel
841 2274 940 2307 sericis
962 2277 994 2309 in
1021 2277 1183 2309 circuitum
1211 2285 1346 2308 ornatas.
1380 2276 1423 2308 ira

774 2319 969 2363 preciosiores
982 2344 990 2358 ,
1011 2333 1104 2366 quam
1115 2331 1203 2354 antea
1214 2320 1354 2354 solebant
1372 2331 1425 2352 ac=

772 2368 889 2409 cipere,
911 2366 1004 2399 vestes
1022 2376 1223 2411 acceperunt,
1252 2369 1285 2400 &
1309 2366 1423 2399 habue-

774 2422 854 2445 runt.
881 2414 1004 2455 Salmas:

837 2463 906 2492 Cum
936 2470 997 2490 ame
1027 2458 1132 2500 normifi
1159 2456 1245 2491 restas
1272 2467 1424 2503 purpurea:

1355 2513 1426 2551 (Id-'52⁶
