1664 2891
276 121 374 175 770
561 109 946 160 TREBELLM
983 109 1375 158 Ponam-115¹

277 190 445 256 templo
455 190 659 237 Herculis
672 189 794 237 daret
805 230 818 246 ,
842 201 1033 253 pateram
1049 186 1300 234 elefflinam
1317 220 1332 242 ‚
1356 204 1451 252 quae
1464 186 1510 234 in
1525 190 1616 238 mel
1636 205 1640 208 ’

280 258 356 303 dio
368 256 538 305 vultum
555 255 792 303 Alexandri
808 253 985 300 haberet
997 286 1012 308 ,
1039 259 1083 300 &
1102 253 1150 298 in
1161 254 1346 300 circuitu
1359 270 1534 300 omnem
1549 256 1614 309 hi,-

279 322 451 370 storiatn
463 322 701 369 contineret
716 320 846 385 lignis
858 319 1063 366 brevibus
1087 326 1131 367 ὃ(
1145 319 1369 367 minutulis
1379 357 1390 373 ,
1417 320 1619 383 pontifici

278 390 531 454 propinare:
557 405 682 451 quam
709 386 886 450 quidem
907 383 1178 431 circumferri
1200 386 1253 433 ad
1277 403 1424 432 omnes
1440 386 1549 433 tanti
1562 386 1615 432 il-

275 456 362 501 lius
385 455 471 502 viri
490 452 783 517 cupidiffimos
800 449 930 510 juffit.
990 451 1126 513 Qd
1148 451 1315 498 idcirco
1340 450 1487 515 posui,
1513 452 1618 516 quia

280 524 294 545 ¹
310 521 514 568 dicuntur
530 517 676 581 juvari
697 517 744 561 in
767 515 888 562 omni
902 516 1002 562 aE'tu
1020 514 1093 561 suo
1107 548 1121 569 ,
1141 518 1215 580 qui
1230 518 1527 566 Alexandrum
1541 533 1616 581 ex}

281 586 467 651 preffum
483 586 554 632 vel
567 600 672 631 auro
684 581 886 646 gestitant
899 580 973 627 vel
985 594 1179 645 argento.

410 739 562 793 2DE
598 787 599 790 a
639 688 1194 806 ΟῌΒΕΝΑΤΟ,
1248 736 1484 792 XIIII.

211 877 229 906 1
242 874 265 921 5
285 868 296 896 ³
316 861 490 980 Nlsi
513 861 739 909 Odenatus
765 862 961 926 princeps
973 861 1332 925 Palmyrenorum
1350 896 1363 918 ‚
1390 876 1516 927 capto
1529 865 1617 913 Va..

441 929 606 975 leriano
619 963 631 984 ‚
646 927 755 976 feffis
770 931 897 975 Rom.
911 930 1034 991 Reip.
1052 927 1216 973 viribus
1232 927 1464 991 sumpsisset
1477 930 1615 995 impe.

279 997 391 1042 rium
406 1028 420 1050 ,
442 995 487 1041 in
499 996 680 1041 Oriente
694 1012 759 1041 res
770 995 950 1060 perditae
963 994 1109 1040 essent,
1154 996 1303 1058 Qre
1315 993 1526 1061 affurnpto
1539 1014 1616 1042 no-

281 1063 398 1109 mine
419 1062 610 1125 primum
633 1061 769 1124 regali
791 1079 891 1108 cum
910 1078 1045 1107 uxore
1069 1058 1266 1107 Zenobia
1289 1064 1331 1106 &
1345 1059 1438 1108 filio
1455 1061 1617 1123 majore

278 1130 348 1177 cui
372 1142 462 1174 erat
476 1145 635 1174 nornen
648 1131 668 1157 4
681 1128 903 1180 Herodes3
926 1126 1168 1173 minoribus
1179 1126 1463 1174 Herenniano
1476 1133 1518 1176 ὃ(
1532 1129 1620 1175 Ti-

281 1196 427 1242 molao
441 1233 452 1248 ,
468 1194 654 1243 collesto
668 1198 862 1240 exercitu
876 1207 1026 1239 contra
1038 1190 1179 1239 Persas
1192 1190 1412 1257 profe&us
1427 1193 1497 1240 est.
1535 1196 1621 1242 Ni·

283 1261 391 1308 fibin
419 1261 612 1324 primum
637 1264 681 1306 &
702 1260 898 1306 Orientis
913 1258 1112 1323 pleraque
1124 1276 1222 1305 curn
1236 1258 1356 1304 omni
1372 1260 1622 1322 Mesopota-

282 1329 370 1374 mia
390 1328 435 1372 in
457 1326 707 1391 potestatem
728 1327 915 1391 recepit:
945 1325 1103 1372 deinde
1128 1324 1267 1388 ipsum
1293 1342 1438 1387 regem
1451 1326 1620 1375 vicium

280 1395 432 1459 fugere
445 1393 617 1456 co'e'git:
642 1391 859 1455 postremo
871 1390 1107 1454 Ctefiphon
1116 1405 1157 1437 ta
1174 1390 1303 1455 usque
1317 1423 1331 1445 9
1357 1392 1563 1455 Saporem
1575 1399 1620 1441 &

280 1462 369 1521 ejus
398 1459 555 1505 liberos
570 1458 848 1522 persequutus
861 1492 875 1514 ‚
901 1458 1036 1521 captis
1048 1457 1300 1504 concubinis
1314 1495 1326 1511 ‚
1355 1472 1477 1521 capta
1490 1459 1618 1506 etiam

279 1543 437 1590 magna
449 1525 594 1589 praeda
605 1526 657 1573 ad
672 1526 900 1571 Orientem
915 1524 1046 1570 vertit
1060 1557 1074 1578 ,
1095 1521 1263 1587 sperans
1288 1525 1405 1587 quod
1432 1524 1622 1572 Macria-

282 1610 388 1638 num
400 1626 413 1647 ‚
428 1591 721 1655 quiimperare
732 1605 882 1637 contra
894 1590 1143 1637 Gallienum
1159 1602 1374 1653 coeperat,
1393 1587 1527 1653 posset
1542 1608 1620 1654 op-

281 1658 468 1722 primere
487 1677 495 1703 :
512 1656 582 1704 sed
599 1657 675 1704 illo
684 1658 771 1719 jam
785 1656 982 1722 profesto
997 1671 1145 1702 contra
1160 1655 1397 1701 Aureolum
1415 1661 1459 1702 &
1471 1672 1621 1706 contra

286 1723 537 1770 Gallienum
550 1761 561 1777 ‚
590 1742 641 1769 eo
663 1723 927 1787 interempto
944 1756 958 1777 ,
986 1722 1126 1769 filium
1151 1722 1362 1785 Quietum
1387 1721 1620 1780 interfecit,

283 1789 437 1836 Balista
449 1799 513 1849 <ut
525 1789 717 1852 plerique
729 1788 929 1840 afferunt)
947 1806 1131 1852 regnum
1145 1787 1393 1852 usurpante,
1409 1805 1461 1834 ne
1474 1794 1516 1835 &
1531 1788 1621 1852 ipse

284 1855 422 1919 poffet
436 1855 586 1902 occidi.
634 1854 891 1921 Compofito
905 1854 1038 1918 igitur
1051 1872 1206 1919 magna
1219 1872 1271 1900 ex
1284 1868 1401 1919 parte
1416 1854 1615 1901 Orientis

1491 1919 1620 1976 statu,

329 1999 358 2021 Ι.
383 1989 525 2020 Dim-ntur
534 1990 631 2031 juvari
648 1991 677 2019 in
694 1990 768 2020 omni
785 1988 847 2019 ablu
857 1988 909 2030 [ἴω
924 2011 932 2025 ,
1016 1997 1047 2030 3.
1065 1986 1130 2027 Nifi
1153 1985 1291 2018 Odenatus
1306 1987 1427 2030 princeps
1446 1989 1621 2026 Palmyreno-

282 2035 333 2076 9ui
355 2033 580 2071 Alexandrum,
601 2035 688 2074 Cym]
724 2034 931 2065 Alexandrum
970 2045 1051 2069 rum,
1071 2032 1155 2073 σφα]
1180 2035 1253 2065 Non
1272 2030 1372 2064 solum
1392 2031 1529 2074 priticeps
1543 2054 1550 2066 ‚
1570 2030 1620 2065 sed

282 2079 377 2111 multi
396 2082 573 2111 Graecorum
591 2090 657 2111 non
676 2078 757 2111 secus
783 2090 817 2110 ac
840 2079 932 2111 deum
972 2078 1086 2110 &civis
1100 2078 1242 2119 Palmyrae
1251 2076 1329 2112 fnit,
1350 2075 1518 2114 majoribus
1531 2086 1618 2110 ortus

280 2122 506 2156 suntvenerati.
533 2128 602 2156 Erat
620 2134 723 2156 aurern
736 2125 833 2156 motis
845 2122 932 2155 fimu-
969 2123 1022 2166 qui
1051 2121 1090 2154 ab
1118 2120 1352 2163 imperatoribus
1375 2121 1497 2153 diversis
1516 2122 1620 2155 hono-

282 2169 400 2201 lacrum
419 2169 547 2209 alicujus
559 2170 695 2201 numinis
707 2193 717 2207 ,
736 2167 753 2201 Ξι
764 2180 827 2211 quo
840 2169 932 2207 iuvari
970 2178 1037 2200 rum
1047 2165 1208 2210 generibus
1216 2165 1337 2198 fuerant
1347 2165 1458 2198 affeffi.
1483 2166 1572 2198 Idem.

282 2212 313 2246 se
322 2223 462 2256 putarent
474 2236 483 2250 ,
498 2214 704 2247 circumferre.
724 2214 800 2247 Vide
811 2215 843 2246 δε
854 2219 931 2246 Am—
1011 2231 1041 2258 4,
1067 2219 1285 2258 Herode5,&c‚]
1300 2222 1373 2250 Tres
1388 2218 1521 2250 Odenati
1531 2219 1617 2252 filios

283 2260 424 2292 mianum
435 2257 516 2290 libro
529 2273 617 2291 xxm.
645 2259 760 2302 cafimb.
968 2262 1016 2296 hle
1026 2264 1126 2301 habes„
1139 2266 1169 2296 ὃς
1182 2263 1282 2306 saepihs
1295 2264 1327 2295 in
1337 2264 1398 2296 hoc
1407 2264 1540 2296 auctiore:
1554 2268 1613 2296 He«

328 2315 362 2337 2.
387 2308 435 2336 DE
457 2304 669 2345 Grumum]
705 2304 815 2337 Nolim
833 2303 933 2345 impo—
970 2309 1078 2341 rodem
1090 2332 1099 2346 ,
1115 2311 1281 2341 maximnm
1294 2318 1365 2340 natu
1377 2331 1385 2345 ‚
1403 2309 1454 2353 qui
1473 2320 1542 2341 curn
1562 2320 1616 2351 pa-

280 2358 333 2380 nat
344 2347 498 2381 tironibus
507 2350 587 2381 varia
595 2349 673 2391 apud
686 2353 808 2381 Graecos
818 2347 934 2392 praser-
970 2355 1202 2396 tteimperavin
1225 2356 1255 2386 &
1267 2353 1346 2386 duos
1360 2352 1378 2386 ᾗ
1396 2354 1548 2386 moriente
1565 2365 1617 2396 pa„

282 2394 342 2425 tim
355 2416 364 2430 ³
392 2395 479 2433 huius
499 2395 638 2426 nominis
657 2393 793 2436 scriptio.
827 2386 928 2427 O'M·
969 2409 1015 2431 tre
1024 2401 1164 2441 parvulos
1176 2400 1300 2431 teneros
1312 2422 1321 2435 ‚
1341 2399 1569 2431 Herennianum
1581 2401 1615 2431 δε

283 2437 415 2477 νοιθῶυ,
435 2432 619 2477 Οδὶνοίθης,
646 2433 838 2480 Οᾶὶνοέθῶ,
862 2442 929 2475 aliis
968 2445 1158 2476 Timolaum.
1202 2442 1347 2486 Vopiscus
1381 2446 1416 2476 in
1447 2445 1615 2477 Aureliano

283 2480 496 2522 Gemma&
514 2500 714 2535 nuncupatur.
739 2490 827 2523 Idem.
970 2499 1109 2533 quartum
1120 2489 1403 2531 adjicitssalbatum,
1430 2489 1518 2522 Idem.
1553 2537 1572 2564 S

1506 2544 1534 2567 r,
1574 2545 1607 2564 a*
