1664 2891
236 143 336 196 942.
456 129 677 174 FLAvn
713 125 963 174 Vo1²1sc1
999 125 1343 173 SYRAcusu

236 218 421 272 gerunt,
449 210 492 252 &c
515 218 726 267 occupato
749 202 868 249 bellis
894 202 1128 266 tyrannicis
1144 203 1308 258 Probo,
1332 222 1410 267 per
1423 218 1567 255 totum
1589 259 1591 261 ,

234 273 347 338 pene
361 271 510 317 orbern
526 271 704 335 pedibus
720 275 762 315 ὅτ
775 269 1023 331 navigando
1034 270 1179 334 vagati
1191 269 1301 323 sunt,
1320 287 1398 316 nec
1411 289 1564 334 parum

233 336 439 386 molestiae
459 339 588 382 Rom.
615 335 765 399 gloriae
793 333 1043 380 intulerunt.
1082 354 1187 399 quos
1212 337 1386 400 quidem
1412 336 1484 383 ille
1499 339 1564 385 di-

233 402 364 452 verfis
378 403 570 456 vicibus,
599 399 807 463 variisque
828 398 1028 445 vistoriis
1052 400 1277 463 oppreffit,
1303 403 1449 465 paucis
1462 422 1563 451 cum

232 470 373 535 gloria
385 470 562 515 domurn
575 464 851 513 redeuntibus
864 496 878 517 ,
888 464 1007 528 quod
1017 465 1147 510 Probi
1159 467 1378 515 evafiffent
1394 487 1556 517 manus.

233 539 346 584 Haec
369 535 531 580 Probus
557 549 654 579 curn
675 529 869 579 Barbaris
895 528 1034 594 gesfit.
1067 530 1152 577 Sed
1168 531 1316 579 habuit
1329 535 1457 581 etiarn
1472 553 1562 582 non

231 602 350 648 leves
364 598 609 663 tyrannicos
625 611 781 642 motus.
815 597 934 642 Nam
945 599 987 641 &
1013 596 1041 640 S
1056 613 1086 641 A
1100 611 1132 642 Τ
1148 614 1181 643 u
1194 613 1227 642 R
1239 613 1271 642 N
1285 615 1300 642 1
1317 616 1348 644 N
1363 618 1395 647 u
1410 619 1464 656 Μ,
1489 602 1563 666 qui

233 666 426 714 Orientis
447 662 677 726 imperium
701 661 957 724 arripuerat,
988 661 1114 707 variis
1130 662 1376 725 praeliorum
1392 667 1563 729 generi-

233 734 312 780 bus
327 740 368 777 &
384 744 485 775 nota
501 729 664 774 virtute
678 726 908 791 superavit.
939 728 1044 790 Qo
1060 727 1194 781 viel-05
1213 743 1331 775 tanta
1343 729 1391 778 in
1403 733 1566 779 Orien-

232 814 277 846 te
289 798 405 861 quies
418 793 516 849 fuit,
530 808 579 840 ut
593 793 978 858 (quemadmodum
992 794 1129 857 vulgo
1141 795 1451 859 loquebantur)
1468 814 1564 844 mu·

232 882 298 910 res
311 861 486 908 rebelles
498 859 642 907 nullus
653 860 834 907 audiret.
884 860 1057 906 Deinde
1077 877 1209 923 quum
1231 862 1266 906 P
1279 878 1310 906 R
1323 879 1351 907 o
1366 879 1393 908 c
1408 879 1439 909 u
1453 880 1482 909 L
1497 880 1529 909 u
1542 880 1563 912 s

233 936 278 976 &
303 934 336 977 Β
351 945 378 972 o
393 944 423 973 N
436 946 463 973 o
479 945 496 972 s
512 944 544 972 U
558 944 577 972 s
612 926 727 990 apud
743 924 1026 988 Agrippinam
1038 925 1084 971 in
1095 925 1240 973 Gallia
1255 926 1480 992 imperium
1495 946 1565 976 ar-

229 992 454 1059 ripuiffent
469 1013 478 1039 :
505 996 516 1015 ¹
531 990 760 1056 omnesque
770 990 847 1037 fibi
858 991 1114 1046 Britannias,
1129 991 1374 1055 Hispanias,
1391 1000 1434 1041 &
1445 995 1566 1043 brac-

230 1076 340 1108 catae
361 1058 517 1106 Galliae
544 1057 789 1122 provincias
813 1057 1086 1106 vindicarent
1097 1091 1111 1113 ,
1139 1058 1336 1106 Barbaris
1356 1058 1486 1108 semet
1493 1060 1567 1122 ju-

230 1126 434 1174 vantibus
448 1162 458 1178 ,
484 1124 605 1170 vicit.
650 1127 717 1170 Ac
740 1141 794 1169 ne
816 1123 1002 1187 requiras
1014 1123 1136 1187 plura
1151 1124 1223 1170 vel
1237 1125 1292 1171 de
1304 1127 1563 1184 Saturnino,

230 1193 306 1240 vel
322 1194 375 1240 de
386 1190 590 1244 Proculo,
603 1189 673 1236 vel
687 1189 740 1236 de
754 1187 927 1236 Bonoso
939 1223 953 1243 ,
967 1187 1040 1235 suo
1053 1188 1225 1237 eosdem
1237 1189 1416 1239 inseram
1430 1192 1563 1250 libro,

231 1276 369 1324 pauca
383 1259 436 1305 de
448 1254 612 1308 iisdem,
630 1268 678 1303 ut
692 1256 832 1309 decet,
850 1254 939 1301 imo
955 1268 1003 1301 ut
1017 1253 1152 1318 poscit
1165 1256 1397 1315 neceffitas,
1411 1258 1563 1324 loquu-

233 1340 368 1371 turus.
409 1324 568 1369 Unum
580 1320 675 1367 iane
689 1319 910 1368 sciendum
926 1320 985 1367 est
999 1353 1013 1375 ,
1038 1321 1156 1385 quod
1173 1323 1563 1382 Germaniomnes‚

231 1407 366 1455 quum
379 1388 431 1435 ad
445 1387 651 1434 auxilium
666 1385 794 1433 effent
807 1387 947 1451 rogati
963 1387 988 1433 a
998 1386 1188 1433 Proculo
1202 1426 1212 1442 ,
1238 1388 1407 1435 ²Probo
1417 1392 1565 1454 potius

231 1455 471 1521 perservire
493 1454 737 1500 maluerunt
759 1451 890 1517 quam
912 1470 1011 1499 cum
1026 1451 1198 1499 Bonoso
1211 1458 1254 1500 &
1267 1456 1453 1513 Proculo
1466 1455 1563 1504 effe.

232 1526 247 1577 .³
265 1522 405 1568 Gallis
427 1519 628 1567 omnibus
649 1521 670 1549 4
684 1525 726 1566 &
753 1517 957 1582 Hispanis
971 1536 1017 1565 ac
1030 1518 1245 1565 Britannis
1259 1520 1362 1567 hinc
1371 1522 1566 1585 permifit

232 1601 282 1634 ut
304 1588 416 1633 vites
436 1586 645 1632 haberent
666 1585 903 1649 vinumque
928 1584 1201 1631 conficerent.
1250 1589 1265 1614 ⁵
1276 1585 1370 1651 Ipse
1391 1588 1565 1634 Almam

233 1666 430 1699 montem
454 1653 500 1698 in
523 1651 698 1715 Illyrico
712 1652 823 1697 circa
836 1652 1042 1697 Sirmium
1059 1650 1236 1697 militari
1246 1669 1376 1698 manu
1391 1650 1562 1718 foffum,

159 1729 217 1779 19
235 1719 254 1743 ⁶
266 1718 378 1767 lesta
398 1718 490 1765 vite
517 1715 721 1765 consevit.
792 1717 929 1763 Dedit
942 1719 1072 1764 Rom.
1085 1716 1213 1763 etiam
1225 1717 1469 1782 voluptates
1484 1753 1498 1774 ‚
1520 1723 1564 1766 δε

1390 1783 1565 1850 quidem

275 1884 305 1906 1.
329 1871 534 1915 Omnefiyuefibi
546 1870 745 1911 imitanum]
767 1873 880 1912 Ommfi
914 1873 978 1912 eius
998 1871 1041 1903 rei
1059 1869 1183 1903 libertas
1200 1871 1267 1915 lege
1277 1872 1454 1904 Domitiani
1472 1880 1564 1916 quam

237 1931 288 1961 que
300 1919 355 1960 fibi
371 1922 431 1961 jam
451 1919 636 1955 Ἑνὶιαηῃίας,
658 1916 815 1959 Hispanias.
836 1918 877 1949 ita
915 1917 1007 1949 refert
1017 1917 1181 1949 Suetonius
1192 1927 1325 1959 cap.vn.
1346 1918 1483 1950 Britanni
1493 1928 1566 1961 qua-

233 1966 297 1998 Pal.
308 1974 364 1995 nec
375 1963 455 1995 secus
467 1963 516 1994 ed.
527 1971 584 1995 vet.
610 1962 700 1994 Idem.
916 1973 945 1993 re
957 1962 1016 1994 hoc
1028 1963 1101 1993 loco
1114 1962 1317 1995 nominentur
1327 1960 1345 1994 ὲ
1355 1961 1485 2005 Vopisco
1497 1973 1565 1996 non

276 2010 425 2051 Omnefique
429 2008 485 2048 fibi
491 2010 553 2051 jam
562 2007 750 2049 Britannia]
764 2006 878 2039 Addidi
917 2006 1016 2039 video.
1050 2018 1121 2038 nam
1144 2017 1254 2039 eorum
1278 2016 1386 2039 tertam
1408 2007 1445 2040 ad
1464 2008 1566 2041 vineta

230 2056 291 2097 {am
300 2053 318 2086 ὲ
330 2054 479 2086 Palatino·
502 2057 582 2084 Grut.
918 2063 983 2084 non
992 2050 1050 2084 effe
1057 2061 1158 2094 aptam
1169 2062 1280 2084 omnes
1291 2051 1407 2085 sciunt:
1419 2055 1450 2085 δε
1460 2054 1513 2096 qui
1521 2054 1567 2085 le-

278 2110 309 2131 z.
330 2099 415 2130 Probo
432 2100 523 2140 potius
538 2098 684 2140 perservire
694 2097 875 2136 maluerunt]
918 2108 986 2140 gem
1008 2096 1083 2128 hanc
1095 2096 1187 2129 Probi
1206 2107 1476 2134 commemorant,
1496 2108 1564 2131 non

919 2143 1083 2175 Britannos
1102 2143 1135 2173 in
1152 2141 1212 2174 hoc
1227 2142 1300 2174 albo
1322 2140 1369 2174 sed
1381 2143 1561 2175 Pannonios

917 2196 1049 2229 ponunt.
1073 2197 1170 2229 neque
1188 2188 1276 2220 aliter
1293 2186 1345 2219 hic
1365 2186 1501 2220 censeam
1520 2188 1565 2220 le-

917 2231 1060 2276 gendum.
1081 2231 1196 2270 cafimb·
1471 2242 1472 2245 ¹
1556 2268 1559 2271 Ὗ

960 2289 992 2315 4.
1016 2280 1052 2307 Et
1061 2276 1192 2318 Hispanis
1203 2289 1233 2308 m:
1242 2278 1415 2318 Britannis]
1439 2278 1503 2311 Pal.
1522 2280 1565 2313 ἐφ’

918 2322 1064 2364 Hispaniis
1075 2326 1114 2356 Θ
1124 2324 1274 2353 Britannis.
1300 2325 1388 2354 Grut.

963 2378 992 2408 5.
1015 2368 1074 2407 ll'fi'
1085 2369 1204 2398 Almam
1214 2377 1330 2398 montem
1347 2370 1375 2398 in
1387 2366 1499 2409 Illyrico
1510 2368 1563 2400 εῖν-

916 2413 975 2451 cm]
1003 2412 1156 2444 victorem
1172 2411 1240 2443 vide
1258 2414 1418 2455 vulgarem.
1446 2411 1563 2453 casaub.

959 2457 989 2488 6.
1014 2457 1089 2488 LeHa
1107 2458 1167 2486 viee
1183 2459 1334 2502 anfivia]
1358 2458 1445 2493 Idem
1461 2457 1563 2490 libet:

916 2503 1057 2546 construit.
1080 2500 1203 2538 salmas.
1553 2516 1555 2519 ·

233 2145 297 2175 Pal.
315 2145 467 2186 profhrvire
487 2144 650 2174 maluerunt.
667 2140 780 2174 scribe:
794 2154 878 2184 quum

232 2189 271 2220 acl
280 2190 420 2219 auxilium
429 2187 508 2230 effint
518 2190 604 2232 rogati
616 2187 634 2218 ιὶ
646 2190 756 2218 Proculo
766 2209 775 2224 ‚
792 2187 879 2218 Probo

224 2235 335 2276 fir'vire
351 2236 502 2265 maluerunt
514 2255 523 2269 ‚
542 2245 623 2275 quam
641 2244 702 2265 cum
722 2233 826 2274 OEonoso
836 2236 876 2266 (9-

231 2280 343 2312 Proculo
359 2278 418 2320 effi.
441 2276 565 2310 Salmas.

278 2333 293 2364 3
303 2347 310 2353 .
332 2323 421 2355 Gallis
436 2322 558 2354 omnibus
567 2326 608 2358 ξφ
620 2321 753 2364 Hispanis
765 2334 795 2353 ac
807 2323 877 2353 Ἑνὶ-

230 2369 324 2398 tannis
333 2368 528 2411 liincpermtfit
537 2368 597 2409 ut.]
610 2370 696 2404 Hinc,
709 2367 739 2398 id
747 2367 799 2402 est,
812 2366 878 2408 post

230 2412 298 2444 ista.
315 2413 399 2444 Vites
410 2412 584 2445 instituendi
593 2422 645 2444 aut
654 2412 775 2444 colendi
786 2423 880 2455 quan-

164 2473 169 2480 ·
231 2466 302 2489 tum
312 2458 379 2499 quis
391 2460 481 2490 vellet
490 2481 500 2495 ‚
513 2468 610 2501 neque
619 2459 652 2489 in
664 2458 752 2490 Italia
763 2480 772 2494 ‚
784 2467 879 2500 neque

233 2501 267 2535 in
275 2501 443 2548 provinciis
453 2505 500 2546 jus
508 2502 579 2539 fuit.
595 2503 788 2538 coercebatur
797 2502 882 2538 enim

1394 2556 1410 2581 t
1417 2570 1425 2579 .
1436 2546 1567 2581 omnium
