1664 2891
216 132 315 195 782
504 127 885 183 'YREBELLAI
926 122 1285 171 Ponnroura

217 214 284 261 nis
301 231 311 258 z
337 228 386 258 ac
396 208 630 256 Tetricum
646 226 733 254 non
748 207 885 255 solum
898 207 1046 253 vivere
1057 239 1071 260 ‚
1097 202 1168 252 sed
1181 205 1309 252 etiam
1322 202 1368 249 in
1383 201 1549 252 summa

165 332 167 335 ,
217 278 432 344 dignitate
453 293 625 323 manere
645 274 782 341 paffus
807 274 888 331 est,
914 290 1047 339 quum
1061 271 1184 319 illurn
1197 270 1306 337 saepe
1318 269 1549 334 collegam,

1444 352 1557 381 non-

900 414 1102 459 us'queurbica
1122 415 1292 455 jurisdictio
1311 414 1551 459 ingrediebatur,

900 460 1054 493 urbicariae
1072 461 1159 493 distae
1181 465 1213 495 ὃς
1234 460 1453 494 suburbicariae.
1484 460 1554 490 uni-

898 508 977 547 rerfit
992 511 1111 543 Romana
1120 508 1189 550 regio
1201 529 1211 543 ,
1233 509 1265 539 &
1277 508 1405 549 univers&
1413 505 1554 537 urbicaria

898 556 971 594 regio
990 554 1073 585 idem
1095 553 1146 586 est.
1179 566 1244 598 quo
1265 556 1395 587 nomine
1416 550 1431 587 ᾖ
1449 549 1554 583 πῖπῦ

899 597 1085 644 ωρεέψρῶ
1099 597 1127 634 ‘1³
1142 593 1341 639 7127'72500523‘13
1354 600 1476 643 P‘as'pong
1500 602 1551 633 in-

900 649 1060 691 telligitur.
1080 646 1118 679 fic
1128 660 1229 678 omnem
1237 651 1413 680 annonariam
1421 649 1554 691 regionem

905 693 972 725 heic
983 692 1238 726 dixitTrebellius
1247 693 1284 725 de
1293 703 1361 725 tora
1382 695 1470 725 Italia
1487 701 1553 735 quae

906 739 1075 770 annonaria
1086 747 1158 770 erat.
1185 737 1253 771 urbi
1271 747 1373 770 autem
1382 738 1458 770 adeo
1476 748 1553 769 con-

907 783 1053 815 nexaeistae
1061 784 1222 826 provinciae
1233 783 1404 821 urbieariae,
1423 792 1456 815 ut
1474 792 1554 814 nun-

908 840 1000 873 quam
1010 828 1046 860 ab
1056 828 1130 860 urbe
1138 828 1402 872 disjungerentur:
1424 830 1456 859 &
1476 827 1555 860 hanc

907 875 1063 906 rationem
1080 882 1222 916 putamus
1241 872 1298 906 effe
1310 896 1319 910 ‚
1348 882 1441 917 quare
1462 873 1554 906 nullae

906 920 973 953 aliae
989 929 1023 951 ex
1050 920 1144 951 Italiae
1169 919 1336 963 provinciis
1364 927 1470 961 praeter
1499 916 1556 952 has

907 965 981 999 duas
993 986 1003 1002 ,
1021 965 1165 997 Picenum
1176 965 1322 1007 inquam,
1345 965 1376 995 ὃ(
1398 961 1554 998 Tusciam,

907 1009 987 1054 apud
999 1010 1141 1044 austores
1160 1010 1350 1042 nominatim
1370 1008 1457 1039 diecae
1474 1008 1560 1039 inve-

907 1056 1030 1088 niantur
1055 1056 1213 1086 annonariae
1233 1076 1243 1090 ,
1272 1063 1326 1086 aut
1345 1052 1557 1096 fhburbicariae.

910 1111 982 1132 narn
991 1109 1028 1132 ex
1045 1099 1162 1134 duabus
1178 1098 1291 1132 Tusciae
1307 1096 1445 1141 partibus
1459 1120 1469 1134 ,
1490 1106 1559 1139 pars

909 1147 962 1178 illa
971 1156 1034 1189 quae
1043 1154 1168 1188 propter
1175 1145 1365 1177 vicinitatem
1376 1143 1461 1179 urbis
1473 1138 1562 1184 juris-

909 1190 1042 1223 dictioni
1053 1189 1206 1222 urbicariae
1214 1187 1361 1231 adscripta
1370 1197 1433 1222 erat
1443 1210 1455 1225 ,
1478 1186 1561 1220 urbi-

911 1237 986 1267 caria
1006 1234 1163 1267 dicebatur
1179 1235 1217 1267 ad
1236 1233 1466 1266 distincl'cionem
1486 1233 1563 1264 alte-

912 1282 974 1313 rius
989 1303 999 1318 ,
1029 1291 1093 1324 quae
1119 1280 1203 1324 quod
1230 1280 1355 1322 longius
1376 1277 1447 1311 ess'et
1463 1276 1562 1320 posita

912 1336 1005 1370 quam
1027 1335 1060 1358 ut
1077 1325 1222 1358 terminis
1240 1323 1359 1356 urbanae
1377 1323 1558 1367 praefesturae

912 1371 1128 1414 cognitionem
1165 1368 1380 1403 cocrcenribus
1423 1377 1564 1410 compre-

914 1416 1005 1448 hendi
1015 1417 1114 1460 quiret
1129 1437 1139 1453 ‚
1161 1415 1256 1448 Italiae
1272 1412 1504 1449 accensebatur,
1523 1413 1558 1445 ὃς

914 1460 1119 1494 recensebatur
1141 1461 1221 1492 inter
1250 1461 1392 1503 regiones
1420 1467 1561 1491 annona-2

915 1508 985 1539 rias.
1008 1517 1065 1538 nec
1081 1504 1163 1538 secus
1185 1505 1222 1537 de
1242 1506 1365 1537 Piceno.
1390 1504 1462 1536 hinc
1481 1505 1563 1535 Pice-2

916 1564 982 1583 num
990 1553 1180 1589 annonarium,
1193 1553 1224 1584 &
1235 1550 1405 1581 urbicariam
1413 1549 1561 1592 legimus:

919 1599 1044 1639 Tusciam
1077 1599 1255 1629 annonariam
1275 1618 1284 1632 ‚
1325 1597 1358 1627 &
1385 1595 1562 1626 urbicariam·

918 1643 1120 1685 Campaniam
1130 1641 1330 1673 annonariam
1343 1650 1408 1672 non
1418 1640 1563 1683 legimus,
1583 1642 1585 1644 '

918 1689 986 1721 ideo
997 1687 1082 1731 quod
1093 1689 1177 1719 nulla
1186 1696 1248 1719 erat
1261 1686 1431 1728 Campania
1448 1683 1568 1717 urbica-

919 1735 971 1766 ria.
986 1733 1063 1765 illud
1073 1744 1144 1764 vero
1154 1731 1414 1764 animadversione
1423 1730 1566 1773 dignum,

919 1781 959 1811 ita
971 1777 1084 1820 semper
1102 1777 1258 1809 distin-stas
1273 1779 1305 1808 δε
1317 1776 1482 1816 disjunctas
1495 1772 1571 1807 fuis·

922 1823 1127 1867 seprovincias
1143 1822 1305 1854 urbicarias
1325 1824 1373 1854 vel
1392 1818 1568 1853 suburbica-

923 1872 980 1901 rias
994 1894 1001 1907 ‚
1022 1869 1061 1901 ab
1082 1869 1259 1900 annonariis
1272 1890 1280 1904 ,
1308 1876 1342 1899 ut
1359 1865 1429 1898 satis
1448 1864 1568 1897 constet

922 1916 995 1946 duas
1027 1914 1149 1946 Tusci-as
1170 1937 1179 1951 ‚
1209 1913 1390 1945 urbicariam
1417 1913 1450 1943 &
1467 1920 1567 1949 anno-

924 1961 1039 1991 nariam
1052 1982 1060 1997 ,
1082 1959 1219 2002 quamvis
1230 1959 1306 1990 adeo
1316 1958 1430 1989 vicinas
1441 1977 1450 1992 ,
1463 1964 1495 1987 ut
1507 1965 1568 1986 una

926 2006 1020 2048 magis
1056 2015 1147 2048 quam
1176 2004 1239 2035 duae
1265 2003 1427 2046 provinciae
1455 1998 1569 2032 censeri

927 2049 1062 2093 possent,
1081 2060 1237 2092 nunquam
1258 2050 1294 2080 ab
1311 2058 1375 2079 uno
1393 2045 1567 2089 eodemque

928 2096 1025 2135 judice
1039 2095 1262 2127 administratas
1281 2091 1356 2128 esic,
1375 2102 1444 2123 cum
1464 2100 1569 2123 tamen

928 2139 1033 2172 Tuscia
1044 2140 1213 2171 annonaria
1225 2149 1288 2170 non
1300 2136 1362 2169 sola
1371 2148 1422 2179 per
1433 2135 1459 2168 se
1469 2136 1570 2167 adrnia

928 2186 1100 2218 nistrarerur
1120 2208 1130 2222 ,
1158 2184 1206 2216 fed
1233 2194 1302 2215 curn
1322 2182 1449 2215 Umbria
1468 2182 1569 2221 junCta

931 2242 1025 2262 unum
1037 2231 1187 2261 reum-em
1198 2229 1351 2270 acciperet·
1376 2228 1413 2260 sic
1425 2228 1570 2259 Picenum

927 2287 1049 2319 quoque
1057 2276 1259 2306 annonarium
1268 2275 1309 2305 ita
1319 2272 1435 2315 semper
1442 2272 1480 2304 ab
1489 2272 1576 2304 urbi«

931 2323 1011 2353 cario
1023 2322 1134 2352 Piceno
1143 2318 1272 2351 divisum
1284 2318 1511 2361 separatumque
1520 2317 1576 2354 est,

934 2377 966 2398 ut
977 2376 1131 2408 nunquam
1147 2364 1289 2397 eumdem
1309 2362 1501 2396 consularem
1521 2363 1574 2395 ha-

932 2411 1028 2443 buerit
1041 2433 1049 2447 ,
1067 2409 1116 2442 sed
1126 2411 1229 2451 potius
1249 2420 1318 2441 cum
1340 2409 1486 2441 Flaminia
1505 2410 1576 2447 iun-

932 2467 1069 2500 geretur,
1091 2455 1170 2487 &ab
1189 2466 1252 2486 uno
1270 2454 1439 2498 eodemque
1457 2451 1579 2495 pratfide

934 2510 1095 2547 regeretur.
1117 2500 1189 2534 hinc
1197 2500 1276 2535 illud
1295 2499 1336 2534 est
1349 2500 1433 2547 quod
1452 2498 1578 2578 Trelliel-

1528 2552 1578 2577 ms

216 422 274 458 esse
282 424 323 457 ab
331 424 499 456 Aureliano
507 423 637 460 fastum,
647 422 680 453 id
687 421 737 462 eli,
749 420 863 464 inquit,

212 471 371 513 Campaniae
382 492 392 506 ‚
402 471 509 500 Samniz
519 492 528 505 ,
546 470 676 503 Lucaniae,
688 468 862 497 Bruttiorum

216 518 351 559 .Apuliae2
361 514 504 550 Calabrae,
515 515 633 545 Etruria
641 521 721 554 atque
732 510 865 546 Umbriae,

217 562 313 592 Piceni
333 568 373 595 ΕΤ
385 561 528 590 Flaminiae
540 579 550 595 ,
563 558 699 599 ommfilue
708 557 864 586 annonariae

216 606 342 650 regionis.
375 615 444 636 cum
470 612 572 634 totam
592 603 713 633 Italiam
731 597 845 632 dixiffet
859 622 867 636 ‚

217 662 276 687 nec
285 660 388 682 tamen
399 659 509 680 omnes
530 648 625 678 Italiae
646 646 819 688 provincias
838 654 867 676 e-

218 692 399 728 numerasset
409 716 419 729 ,
445 692 563 724 addidit
575 703 583 721 2
612 693 757 734 Omnisque
786 702 868 721 anno-

219 743 306 772 πηνα
324 738 449 782 regionis.
483 735 595 780 quibus
622 735 721 768 verbis
743 736 867 767 etiarn...-

220 787 400 827 complexus
425 781 468 813 est
495 791 609 813 ceteras
632 782 725 813 Italiae
745 781 870 823 provin·-

220 832 282 862 eias
292 853 299 865 ,
311 839 384 871 quas
394 838 460 858 non
472 827 657 863 nominavit,
668 835 701 858 ut
711 826 866 862 Histriam,

222 875 364 909 venetias
378 895 387 908 ,
413 872 578 915 Liguriam.
606 872 695 903 distae
712 881 815 903 autem
835 881 870 902 o-

223 930 310 953 rnnes
331 918 425 950 ltaliae
443 918 584 960 regiones
612 917 786 949 annonariae
798 938 808 954 ,
838 918 869 948 ἃ

222 975 291 998 tota
305 963 394 996 Italia
409 962 581 995 annonaria
592 962 699 1005 regio,
716 960 756 995 ab
772 971 872 993 anno-

224 1012 309 1043 naria
319 1008 482 1040 funstioue
489 1019 582 1051 quam
600 1008 638 1040 ad
645 1008 810 1041 exercitum
819 1017 871 1041 co-

224 1057 433 1098 mitatumque
441 1053 636 1096 imperatoris
645 1052 791 1085 alendum
802 1075 814 1090 ,
822 1050 875 1097 qui

224 1100 343 1143 semper
353 1122 363 1137 ,
381 1108 432 1131 aut
442 1099 572 1131 maxima
581 1108 665 1141 parte
675 1099 790 1135 aderat,
800 1108 873 1129 con-

224 1146 310 1179 ferre
329 1143 533 1177 consueverat.
567 1144 628 1176 hoc
644 1144 737 1187 igitur
757 1141 874 1175 differe—

225 1191 300 1224 bant
309 1190 486 1222 annonariae
503 1191 535 1222 δε.
549 1188 704 1221 urbicariae
722 1189 875 1231 regiones,

226 1235 315 1280 quod
334 1234 489 1267 urbicariae
513 1234 619 1277 utique
643 1235 677 1265 ὅ(
701 1233 874 1265 annonariae

225 1281 344 1316 fuerint
358 1302 369 1318 ‚
379 1280 410 1312 id
418 1280 460 1311 est
468 1280 671 1311 annonariam
679 1279 875 1311 functionem

226 1325 419 1371 praestiterint
431 1334 478 1356 :at
492 1335 557 1356 non
569 1334 680 1356 omnes
690 1323 877 1359 annonariae,

229 1371 384 1405 mbicariae
393 1370 487 1403 etiam
504 1370 665 1412 appellatae.
691 1380 763 1401 nam
783 1369 877 1401 Italiae

230 1427 343 1449 omnes
353 1417 493 1459 regiones
503 1414 541 1446 fic
550 1414 727 1447 dicebantur
744 1414 878 1457 proprie,

229 1464 279 1495 vel
289 1461 374 1505 quod
386 1462 465 1492 olim
474 1458 544 1492 solae
554 1459 730 1501 hujusmodi
740 1460 877 1491 funffio-

232 1505 368 1540 niessent
377 1505 518 1538 obnoxiae
534 1507 683 1547 exemptis
700 1504 857 1537 urbicariis
871 1515 879 1534 ε

233 1554 280 1585 vel
292 1561 325 1584 ut
334 1551 372 1583 ab
382 1552 540 1582 urbicariis
550 1550 804 1594 distinguerentur
822 1549 880 1581 hoc

235 1597 452 1640 appellationis
462 1594 664 1628 discerniculo
677 1619 686 1633 ‚
712 1607 782 1628 cum
795 1605 877 1627 utrae-

236 1654 298 1687 que
307 1652 411 1674 tamen
421 1641 502 1672 idem
515 1640 714 1683 prastationis
724 1651 803 1672 onus
815 1651 877 1671 mu

239 1686 354 1731 nusque
363 1685 506 1718 subirent.
530 1685 685 1718 sciendum
700 1710 708 1724 ‚
723 1686 881 1719 urbicaria-

240 1744 311 1767 1um
322 1743 386 1764 non
397 1731 519 1764 aliunde
536 1733 597 1774 peti
610 1730 692 1774 poss'e
710 1742 761 1764 aut
778 1730 886 1763 debere

243 1779 398 1811 rationem
410 1778 549 1809 nominis
565 1788 656 1821 quam
674 1777 713 1809 ab
723 1776 815 1809 urbe:
834 1776 882 1807 de-

243 1824 317 1856 inde
328 1822 492 1855 secundum
511 1822 589 1853 hanc
598 1823 810 1864 appellationis
833 1819 885 1853 stiae

245 1868 364 1901 causam
377 1878 442 1899 non
450 1868 523 1909 alias
538 1867 614 1910 fingi
633 1869 796 1911 cogitarive
804 1865 887 1909 poss'e

244 1925 337 1958 quam
348 1924 410 1957 quae
421 1913 488 1944 urbi
507 1913 548 1944 ita
559 1914 702 1954 proximae
721 1911 815 1944 effent
828 1933 837 1949 ‚
857 1922 887 1943 ut

246 1960 343 1992 nullis
373 1957 455 2002 quast
491 1958 729 2000 proximioribus
755 1958 889 2000 potuerit

246 2005 327 2037 istud
338 2014 454 2035 nomen
472 2004 576 2044 aptari.
602 2002 639 2035 ab
657 2003 748 2039 urbe,
766 2003 889 2039 urbicus,

248 2050 402 2081 urbi-'cantu
415 2051 444 2080 ὅ(
457 2050 584 2079 urbanus:
607 2048 677 2080 inde
689 2048 790 2080 urbica
803 2049 833 2079 ὃ(
846 2058 892 2079 ur-

246 2094 360 2128 bicaria
371 2096 402 2126 ὃς
424 2093 536 2125 urbana
545 2093 716 2134 praefectura
725 2092 892 2125 dicebatur.

249 2141 348 2172 urbici
364 2141 395 2171 ὅ(
407 2139 555 2171 urbani&
570 2139 712 2171 urbicarii
730 2139 767 2169 de
786 2136 891 2170 scurris

248 2188 282 2218 ἃ
294 2186 411 2217 mimis.
435 2186 558 2217 Plautus
570 2196 577 2215 :
591 2184 697 2216 Urbani
705 2184 824 2215 homines
833 2196 896 2225 quos

242 2233 358 2275 scugmu
380 2239 486 2261 vocant·
512 2229 664 2260 urbicariae
684 2230 823 2272 regiones
844 2239 893 2259 eae-

254 2277 324 2308 dem
335 2285 418 2307 erant
429 2286 495 2306 cum
507 2273 727 2306 suburbicariis.
753 2283 841 2316 atque
853 2275 894 2304 ira

253 2322 341 2352 distae
350 2331 434 2352 erant
445 2320 583 2362 regiones
603 2330 665 2362 qua·
684 2318 751 2350 urbi
770 2320 896 2351 circum-

253 2366 390 2408 jacebant
403 2377 410 2396 :
422 2375 505 2397 nunc
513 2363 637 2406 superest
647 2364 808 2396 dicendum
821 2374 898 2405 quos

253 2409 347 2454 usque
357 2411 393 2441 ad
404 2410 478 2442 fines
489 2411 694 2451 procurrerint
706 2409 764 2441 istae
781 2408 899 2440 urbica·

255 2457 315 2488 xiae.
335 2457 473 2497 regiones
483 2456 575 2497 igitur
586 2465 694 2486 omnes
706 2465 786 2486 extra
795 2453 897 2485 urbem

253 2501 335 2535 intra
344 2500 540 2535 centesimum
550 2501 640 2536 illum
650 2500 782 2545 lapidem
791 2520 805 2542 ,
822 2509 896 2545 quo-
