1664 2891
289 127 746 171 GORDIANUS
813 134 1166 169 TER-rius.
1301 124 1401 185 675,

55 204 187 270 impie
200 223 285 251 non
291 205 390 266 jure
400 201 589 249 obtinuit
602 198 850 264 imperium.
881 202 1118 263 Imperavit
1135 203 1399 261 Gordianus

51 274 175 319 annis
192 270 272 318 sex.
289 272 344 315 Et
360 270 463 315 dum
479 268 570 313 haec
583 279 832 330 agerentur,
847 267 858 287 ¹
873 265 1118 329 Argunthis
1129 267 1392 329 Scytharum

52 354 127 384 rex
140 337 422 383 finitimorum
436 350 569 397 regna
583 330 770 379 vastabat
785 365 797 386 ,
823 331 1009 377 maxime
1025 330 1143 395 quod
1169 350 1392 396 compere-

52 418 117 449 rat
132 401 384 449 Misitheum
399 398 550 464 periffe
563 431 577 453 ‚
601 397 722 460 cujus
735 396 913 443 consilio
927 395 1135 461 Respubl.
1151 395 1288 444 fuerat
1310 417 1393 462 gu-

53 470 241 515 bernata.
289 465 514 530 Philippus
539 480 682 512 autern
696 482 750 511 ne
764 463 787 509 a
801 464 1054 510 crudelitate
1069 463 1254 510 nancisci
1266 466 1392 511 vide-

52 550 170 581 retur
184 533 431 594 imperium,
449 534 633 577 Romam
649 531 791 577 literas
806 529 918 575 mifit
930 529 1082 593 quibus
1098 527 1261 593 scripfit
1275 532 1394 577 Gor-2

50 601 225 647 diarium
242 599 395 644 morbo
409 596 555 661 perisse
568 631 581 652 ‚
606 595 730 662 seque
744 596 768 643 a
779 595 945 642 cunetis
960 594 1172 642 militibus
1186 596 1389 644 elecstum.

50 668 66 687 ²
81 666 126 713 N
132 681 179 711 ec
203 663 344 710 defuit
369 679 416 710 ut
438 663 603 711 senatus
617 664 669 711 de
683 663 748 708 his
761 662 888 709 rebus
902 679 1003 726 quas
1017 678 1104 708 non
1121 676 1302 708 noverat
1315 661 1394 710 fal-

48 730 225 776 leretur.
276 731 658 795 Appellatoigitur
671 729 868 793 principe
882 728 1085 793 Philippo
1098 761 1111 783 ,
1137 733 1181 774 &
1199 727 1393 793 Augusto

50 810 301 860 nuncupato
317 834 326 849 ‚
353 796 632 844 Gordianum
660 794 973 842 adolescentem
986 796 1099 841 inter
1114 794 1214 841 deos
1227 796 1392 842 retulit.

49 863 152 909 Fuit
163 862 334 926 juvenis
349 863 488 916 laetus,
505 864 701 927 pulcher,
715 861 925 916 amabilis,
938 875 1085 926 gratus
1099 860 1300 907 omnibus
1315 894 1327 916 ,
1345 863 1391 909 in

49 928 143 975 vita
147 928 366 990 jucundus
383 966 392 981 ,
419 929 464 974 in
479 929 614 985 literis
640 928 796 973 nobilis
811 961 824 982 ,
853 927 1025 988 prorsus
1038 940 1087 973 ut
1100 926 1210 972 nihil
1231 942 1393 991 praeter

28 1047 31 1051 Δ
49 1009 221 1041 aetatem
242 992 399 1041 deesset
414 994 608 1057 imperio.
648 999 828 1040 Amatus
844 992 937 1039 esta
950 993 1113 1056 populo
1129 1021 1142 1044 ,
1170 998 1213 1039 &
1228 993 1392 1048 senatu,

48 1067 96 1107 ὃς
112 1060 320 1106 militibus
339 1075 437 1106 ante
447 1060 640 1125 Philippi
654 1058 891 1107 factionem
906 1093 919 1113 ‚
945 1060 1006 1105 ita
1020 1074 1068 1105 ut
1083 1076 1212 1105 nemo
1229 1060 1395 1123 princi-

46 1144 165 1191 pum.
204 1127 378 1173 Cordus
392 1126 523 1181 dicit,
540 1144 689 1173 omnes
707 1126 864 1172 milites
879 1142 978 1171 eum
995 1124 1134 1171 filium
1147 1125 1389 1189 appellasse,

46 1193 101 1238 ab
117 1193 235 1237 omni
253 1190 398 1238 senatu
413 1191 549 1238 filium
565 1193 730 1240 dictum
749 1226 763 1248 ,
788 1208 964 1238 omnem
988 1191 1199 1255 populum
1216 1191 1393 1240 delicias

46 1257 141 1305 suas
155 1259 433 1305 Gordianum
456 1257 616 1306 dixiffe.
664 1259 863 1322 Denique
882 1257 1108 1321 Philippus
1135 1275 1269 1322 quum
1292 1276 1391 1306 eum

46 1322 244 1371 interfeci
253 1323 326 1371 ffet
338 1363 348 1378 ‚
365 1329 376 1354 ⁵
392 1343 530 1390 neque
540 1325 749 1391 imagines
763 1325 849 1386 ejus
863 1323 1033 1371 tolleret
1047 1358 1061 1382 ,
1086 1341 1226 1387 neque
1237 1323 1391 1371 statuas

47 1391 288 1454 deponeret
304 1425 316 1446 ‚
346 1409 482 1456 neque
495 1410 657 1442 nomen
671 1392 908 1445 abraderet,
935 1388 1005 1437 sed
1019 1394 1038 1420 4
1056 1390 1209 1437 divum
1226 1389 1392 1455 semper

46 1456 266 1520 appellans
278 1457 405 1503 etiam
417 1459 533 1523 apud
545 1457 658 1522 ipsos
674 1458 829 1504 milites
843 1491 856 1512 ,
871 1475 968 1503 cum
984 1456 1137 1521 quibus
1151 1454 1387 1504 facitionem

46 1520 209 1569 fecerat
221 1561 230 1576 ‚
250 1522 356 1569 serio
369 1527 515 1571 animo
529 1531 571 1571 ὃς
584 1525 810 1589 peregrina
825 1523 1059 1572 calliditate
1072 1537 1298 1572 veneratus
1314 1522 1389 1568 est.

43 1590 214 1636 Domus
230 1590 555 1637 Gordianorum
570 1593 699 1638 etiam
711 1609 827 1638 nunc
838 1605 956 1638 extat
972 1623 985 1644 ,
1018 1606 1146 1653 quam
1168 1588 1245 1636 iste
1269 1592 1386 1636 Gor·
1408 1602 1472 1652 32.

40 1654 195 1703 dianus
206 1656 496 1720 pulcherrime
508 1658 758 1715 exornavit,
785 1661 799 1686 ⁵
813 1662 855 1704 &
880 1656 985 1704 villa
1010 1673 1163 1703 eorum
1185 1656 1257 1704 via
1269 1658 1387 1703 Prae-

1230 1722 1392 1770 nestina

88 1839 117 1861 τ.
144 1828 308 1873 Argunthis
321 1834 380 1867 Rex
393 1829 585 1870 scytharum]
607 1829 694 1862 Idem
778 1839 809 1872 3.
832 1833 927 1873 Neque
947 1830 1075 1874 imagines
1090 1831 1149 1872 ejus
1164 1826 1258 1860 tollere
1269 1850 1278 1864 ,
1305 1839 1389 1869 neque

40 1872 138 1905 libet:
163 1882 281 1918 Argunt
294 1880 354 1912 Rex
365 1876 537 1917 Scytharum.
552 1875 636 1918 quod
649 1886 693 1906 re-
725 1873 837 1917 statuas
847 1875 971 1919 deponere
980 1897 990 1912 ,
1000 1887 1084 1918 neque
1094 1886 1187 1905 nomen
1198 1872 1391 1914 abradere,srd

39 1919 89 1961 gis
113 1918 231 1951 barbati
250 1931 366 1952 nomen
379 1944 386 1956 ,
407 1919 534 1952 barbate
552 1921 644 1952 etiam
663 1931 695 1951 e-
736 1920 878 1961 Divum]
893 1924 939 1952 Ita
947 1919 1077 1953 fidenter
1088 1919 1226 1955 restitui,
1247 1916 1391 1951 suadente

39 1967 222 1997 nunciatum
233 1965 328 1998 videri
339 1965 447 2007 potest.
471 1967 588 2007 Salmas:
738 1965 886 1997 Palatino.
914 1970 998 1999 Grut-

83 2021 113 2042 2.
138 2016 195 2043 Nec
212 2011 305 2049 defuit
329 2021 360 2041 ut
373 2013 488 2052 finatus
506 2010 537 2041 de
556 2011 598 2041 his
617 2009 695 2040 rebus
776 2022 809 2049 4.
833 2011 1054 2054 Divumfimper
1062 2007 1227 2055 appellans]
1255 2009 1304 2041 Sic
1314 2005 1391 2040 Cas-

39 2068 111 2098 quas
120 2070 171 2086 non
181 2066 292 2086 noverat
304 2079 313 2093 ‚
324 2056 499 2096 fallarum]
527 2056 563 2088 Id
574 2054 613 2086 est
628 2078 636 2091 ‚
648 2066 696 2086 ac·
732 2053 789 2086 ssus
802 2057 955 2092 Marcum,
967 2066 1058 2098 quem
1070 2053 1200 2095 jaCtabat
1212 2064 1390 2091 mortuum;

41 2101 120 2133 cidit
132 2100 293 2134 necessario
306 2113 339 2133 ut
348 2101 519 2133 falleretur.
541 2100 695 2132 Tibullus:
733 2099 771 2131 slc
781 2101 903 2142 Opilius
916 2101 1073 2132 Macrinus
1090 2101 1282 2132 Caracallam
1294 2109 1386 2143 quem

64 2151 148 2179 Nunc
167 2147 221 2178 tihi
239 2160 290 2177 non
300 2147 370 2189 defit
372 2148 478 2187 faciem
489 2157 638 2190 componere
642 2155 697 2189 pu·
734 2145 908 2184 occiderat3
927 2147 961 2178 &
979 2146 1031 2177 alii
1047 2146 1186 2178 {imiliter
1199 2167 1209 2183 ‚
1226 2145 1316 2177 divos
1336 2154 1389 2187 ap·

190 2204 257 2234 gnae.
326 2231 329 2233 -
734 2192 887 2233 penarum
900 2214 909 2228 ‚
927 2201 1008 2235 quos
1017 2190 1091 2234 paffi
1103 2201 1169 2223 non
1183 2200 1268 2224 etant
1278 2188 1335 2223 esse
1343 2188 1388 2224 vi-

46 2233 171 2269 Gallice
180 2237 216 2268 ad
236 2236 363 2270 verbum
381 2237 512 2275 dixeris,
532 2249 563 2268 ne
577 2245 695 2280 peurent
735 2247 801 2269 vos.
828 2236 944 2279 Cafimb.

35 2281 137 2324 smair
156 2281 259 2325 d'estre.
283 2283 314 2315 id
335 2282 397 2321 est,
425 2281 493 2315 sunt
514 2279 692 2315 neceffatib.
778 2293 805 2322 5.
829 2281 944 2314 Etha
959 2293 1049 2314 eorum
1068 2281 1119 2313 via
1141 2280 1335 2326 Praenestina]
1359 2283 1386 2314 E

46 2326 166 2369 Cafizub.
734 2328 797 2360 Pal.
808 2328 874 2370 lege
887 2329 919 2360 ὃ(
930 2328 1098 2371 distingue:
1119 2332 1223 2359 Domus
1234 2326 1386 2359 Gordiano..

2 2381 7 2450 ἱ
112 2378 171 2405 Nec
194 2371 285 2413 defuit
306 2396 315 2410 ,
343 2383 374 2405 ut
396 2375 511 2417 senatus
528 2373 564 2405 de
582 2375 618 2405 iis
637 2384 696 2415 qua
732 2385 796 2405 rum
814 2375 900 2404 etiam
917 2385 984 2404 nunc
993 2383 1074 2404 extat
1086 2397 1095 2410 ,
1119 2385 1201 2417 quam
1213 2369 1388 2416 isteGordia-

47 2430 101 2448 non
120 2428 231 2460 novenae
244 2417 423 2460 falleretur-J
454 2425 519 2453 Non
534 2420 625 2460 defuit
637 2441 645 2454 ‚
665 2426 697 2449 ut
734 2429 783 2449 neos
789 2418 965 2462 pulcherrime
973 2420 1135 2451 exornavit.
1157 2417 1200 2461 Est
1213 2416 1284 2449 vida
1295 2429 1387 2447 eorum

37 2462 187 2504 falleretur
202 2465 314 2506 finatus
332 2487 341 2502 ,
367 2475 423 2509 [πο
442 2478 495 2500 mm
511 2465 604 2508 defuit
614 2464 697 2509 fima-
735 2465 784 2495 via
794 2462 960 2507 Praenestina
968 2463 1099 2496 ducentas
1111 2465 1247 2497 columnas
1257 2463 1389 2506 unopen'o

0 2518 2 2547 ξ-
48 2517 110 2542 tum
122 2508 203 2549 falli.
228 2508 352 2545 Salmafi
733 2507 802 2553 stylo
812 2508 924 2544 habam.
948 2507 1075 2542 Salmas.

180 2575 182 2577 -
960 2558 1011 2590 vv
1030 2564 1047 2588 z,
1235 2557 1389 2588 montem

8 2639 11 2671 l

9 2684 13 2783 l

10 2806 14 2823 u

12 2853 15 2877 l
