1664 2891
291 84 1120 139 Pesennnrus‘N1onR.
1282 101 1377 155 379

267 175 281 197 ¹
295 173 336 216 Si
360 182 487 215 tamen
510 181 585 212 una
609 174 699 213 ratis
723 163 904 227 transiliet
924 168 1086 227 pelagus.

39 239 108 287 Ex
121 257 206 304 quo
218 235 485 283 intellefflmm
500 265 513 287 ‚
540 234 749 278 Severum
762 230 925 295 viginti
938 248 1071 277 annos
1084 232 1375 297 expleturum.

103 307 240 352 'Haec
261 301 356 348 sunt
368 297 637 344 Diocletiane
659 296 844 343 maxime
858 296 1174 359 Augustorum,
1204 317 1296 364 quae
1318 305 1370 349 de
1388 318 1419 363 9

37 368 268 417 Pescennio
291 364 520 413 didicimus
542 380 593 410 ex
614 363 809 428 pluribus
825 362 959 408 libris.
994 365 1103 409 Non
1116 364 1230 410 enim
1244 365 1371 413 facile

35 444 101 495 (ut
113 436 158 480 in
174 431 386 498 principio
401 430 500 476 libri
512 426 939 492 diximus)quisquam
955 428 1061 475 vitas
1075 447 1224 476 eorum
1239 432 1374 479 mittit

34 500 82 549 in
96 499 226 545 libros
240 497 313 561 qui
335 510 407 543 aut
429 496 648 560 principes
669 496 715 541 in
730 497 838 558 Rep.
855 511 942 539 non
958 491 1159 549 fuerunt,
1186 511 1259 543 aut
1274 496 1299 542 ὲ
1312 497 1373 544 se-

33 579 139 611 natu
149 563 357 628 appellati
372 580 458 609 non
475 561 569 608 sunt
584 563 888 625 imperatoreS,
909 574 981 606 aut
997 561 1124 608 occisi
1136 562 1263 609 cirins
1275 596 1289 617 ,
1316 565 1371 611 ad

32 629 191 676 famam
218 629 368 676 venire
392 628 691 692 nequiverunt.
729 627 861 673 3Inde
877 660 891 680 ‚
916 628 1034 690 quod
1058 627 1161 673 latet
1175 628 1370 685 Vindex,

33 696 154 761 quod
166 693 265 741 Piso
278 693 464 741 nescitur
477 727 491 748 ‚
512 694 631 758 quod
653 709 803 738 omnes
822 692 886 738 illi
905 693 978 756 qui
999 707 1072 739 aut
1085 694 1255 740 tanturn
1270 696 1374 741 ado-

31 760 144 826 ptati
158 759 254 807 sunt
268 794 282 816 ,
307 775 382 807 aut
410 761 435 807 ὲι
462 759 669 806 militibus
685 759 963 822 imperatores
983 758 1212 822 appellati,
1234 774 1283 808 ut
1295 758 1371 806 snb

33 828 291 874 Domitiano
307 825 521 873 Antonius
540 845 549 871 :
580 840 653 871 aut
675 824 763 873 cito
788 825 1066 889 interempti,
1091 825 1257 871 ⁴vitam
1271 843 1372 874 cum

31 892 203 956 imperii
218 891 491 956 usurpatione
504 890 748 954 posuerunt.
788 894 801 918 ⁵
817 895 881 936 Ac
897 890 1054 954 nequid
1070 907 1121 937 ex
1141 891 1191 937 iis
1206 909 1302 955 quae
1316 893 1372 941 ad

32 958 314 1006 Pescennium
328 957 571 1020 pertinent,
599 954 829 1019 praeteriffe
852 956 1107 1007 videamur,
1138 956 1258 1015 (licet
1277 958 1371 1005 aliis

33 1024 154 1073 libris
170 1023 373 1087 cognosci
387 1022 562 1087 poffint)
591 1021 645 1068 de
671 1022 753 1067 hoc
768 1020 998 1067 Pescennio
1021 1036 1137 1069 vates
1152 1022 1370 1079 dixerunt,

34 1091 154 1154 quod
179 1107 317 1153 neque
343 1089 470 1134 vivus
497 1104 635 1151 neque
660 1102 853 1133 mortuus
875 1088 921 1132 in
944 1089 1194 1150 potestatem
1219 1090 1371 1135 Severi

36 1169 246 1203 venturus
258 1153 358 1201 effet
371 1188 385 1209 ,
400 1154 604 1216 sedjuxta
617 1171 742 1217 aquas
756 1153 817 1200 illi
829 1155 1098 1217 pereundum
1111 1152 1211 1200 esset
1225 1175 1234 1201 :
1252 1156 1367 1218 quod

1193 1222 1371 1284 quidam

32 1290 71 1327 ad
80 1300 179 1326 annos
191 1289 397 1322 referebantur
408 1312 418 1327 ,
437 1288 546 1333 quibus
558 1288 687 1332 impera-
726 1289 781 1320 nio
799 1288 927 1322 dicenda
944 1300 1008 1333 quae
1025 1290 1209 1322 omittinon
1217 1301 1371 1334 poterant.

33 1346 119 1369 turus
130 1334 210 1368 esset.
236 1337 354 1378 Salmas:
735 1334 825 1367 Idem.

89 1392 117 1414 Ι.
140 1382 172 1412 Si
189 1390 280 1411 tamen
297 1392 352 1412 una
368 1379 438 1411 ratis
458 1378 591 1420 tranfiliet
609 1380 686 1421 pela-

29 1427 110 1469 gus]
134 1427 189 1458 His
208 1425 306 1457 verbis
325 1424 545 1468 significabatur
563 1434 629 1454 non
648 1435 682 1455 u-

34 1482 107 1503 nam
126 1471 217 1502 ratim
238 1468 475 1503 transmissuram
504 1468 582 1501 illud
606 1470 685 1510 pela-

33 1527 88 1559 gus
100 1526 111 1552 3
130 1514 180 1547 sed
193 1517 283 1547 aliam
294 1514 476 1548 sententiam
485 1514 572 1546 aliter
582 1514 683 1556 legen-

32 1560 76 1594 do
88 1559 200 1593 efficies
215 1583 224 1597 ,
246 1561 304 1593 hoc
315 1560 433 1592 modo:

65 1606 114 1638 Bia
132 1605 209 1637 denis
229 1609 334 1637 Italum
351 1603 503 1649 conscendit
515 1602 634 1636 naribus
646 1614 684 1635 ae-

169 1663 234 1693 quor
246 1664 257 1682 .·

90 1696 136 1727 Sic
162 1704 253 1727 tamen
274 1707 331 1727 una
355 1694 425 1727 ratis
453 1693 586 1736 transiliet
611 1696 684 1738 pela-

187 1752 226 1772 ud·

36 1785 114 1829 Qae
123 1753 217 1817 1εέἰο
228 1783 434 1828 proculdubio
443 1796 512 1818 vera
520 1786 570 1817 est.
588 1786 630 1827 fic
640 1794 683 1816 ta-

33 1842 93 1863 men
113 1841 169 1872 pro
181 1830 207 1871 fi
226 1840 326 1861 tamen·
358 1832 441 1869 cujus
453 1830 502 1863 hic
511 1831 551 1863 est
562 1829 681 1862 sensus:

31 1876 124 1908 illum
141 1877 193 1919 qui
205 1875 250 1907 bis
261 1875 347 1907 denis
359 1874 484 1907 navibus
493 1887 596 1919 aequor
605 1886 680 1907 con-

32 1918 149 1952 scendit
160 1942 169 1957 ,
191 1921 281 1953 unica
290 1929 412 1952 tantum
422 1929 484 1952 rate
492 1919 607 1953 salvum
617 1931 682 1963 per-

31 1974 206 1997 venturum.
230 1967 264 1998 in
280 1975 344 2008 quo
362 1964 503 2008 ambigue
517 1966 597 1998 ludit
616 1966 684 1997 ota-

35 2011 152 2045 culum.
176 2021 247 2042 nam
258 2021 310 2053 per
322 2009 368 2041 bis
380 2009 471 2042 denas
481 2022 570 2043 naves
583 2021 681 2042 annos

35 2055 156 2097 imperii
163 2056 263 2088 voluit
272 2056 453 2098 intelligere.
472 2066 524 2098 pet
532 2067 624 2088 unam
635 2067 682 2087 ra-

33 2108 99 2133 tem
112 2104 253 2133 Severum
262 2098 359 2143 ipsum
371 2101 588 2142 imperatorem
602 2123 610 2137 ‚
629 2101 683 2144 qui

33 2144 113 2176 illud
141 2146 262 2188 imperii
287 2146 408 2188 pelagus
436 2145 613 2178 tranfiturus
637 2147 684 2178 vel

36 2189 237 2223 tranfiliturus
248 2200 321 2224 erat.
335 2189 431 2221 Idem.

76 2245 109 2267 2.
134 2239 200 2267 Haec
208 2237 276 2278 fimt
289 2236 458 2268 Diocletiane
467 2235 599 2268 Maxime
610 2237 685 2267 ,Au-

32 2279 170 2323 gustorum
191 2292 249 2323 quae
267 2280 301 2311 de
324 2281 473 2322 ‘Pescennio
497 2279 680 2321 didzcimus.]

37 2325 112 2360 Heic
131 2324 219 2357 finire
235 2327 313 2358 velle
328 2324 484 2358 videbatur
494 2326 682 2367 Spartianus,

38 2371 72 2401 &
83 2368 172 2401 verba
181 2369 220 2401 fic
229 2369 336 2403 sonant
346 2393 356 2408 ,
373 2369 454 2414 quafi
472 2381 537 2402 non
550 2371 681 2413 amplius

38 2413 145 2446 habeat
154 2415 238 2458 quod
245 2416 326 2448 dicat
335 2416 373 2448 de
382 2415 556 2448 Pescennio.
578 2426 683 2457 repen-

42 2467 73 2493 te
94 2469 195 2501 tamen
213 2460 251 2495 ad
271 2462 326 2501 'ina
336 2461 502 2505 regreditur
514 2462 551 2496 de
562 2459 683 2495 Pescen-

772 1389 800 1421 3.
827 1379 896 1411 Inde
906 1379 1051 1422 qundlatet
1061 1379 1177 1411 Vindex
1189 1405 1198 1419 ,
1219 1381 1291 1424 quad
1307 1381 1373 1423 Piss

725 1425 872 1466 ncfiitur]
892 1424 998 1457 Ambo
1009 1426 1041 1456 in
1053 1429 1209 1459 Neronem
1220 1426 1374 1469 conspira-

727 1478 817 1501 tunt:
837 1471 905 1502 noti
922 1469 1016 1502 ambo
1037 1481 1071 1502 ex
1086 1472 1196 1502 Tacito
1216 1474 1247 1504 δε
1263 1476 1372 1504 Sueto—

727 1514 781 1545 nio
793 1526 800 1548 :
822 1513 868 1547 sed
879 1516 983 1547 leviter
993 1537 1001 1552 ‚
1013 1526 1068 1547 nec
1077 1516 1209 1558 propriis
1219 1516 1307 1548 libris
1319 1517 1373 1548 de-

726 1557 838 1602 scripti.
867 1560 980 1602 Casimb.

767 1616 798 1643 4.
822 1607 923 1637 Vitam
942 1617 1002 1636 cum
1023 1606 1130 1648 imperii
1149 1606 1374 1649 ufhrpationepo-

720 1650 863 1691 fimana]
887 1649 955 1683 Post
974 1651 1034 1681 haec
1050 1650 1139 1682 verba
1149 1649 1282 1694 sequitur
1293 1651 1325 1682 in
1336 1662 1374 1682 o-

725 1694 850 1727 mnibus
870 1695 956 1727 libris
976 1697 1008 1727 ὃ(
1026 1697 1197 1738 antiquitus
1216 1695 1327 1728 excusis
1339 1698 1372 1728 δε

726 1750 819 1772 manu
837 1742 982 1772 exaratis:
1000 1743 1131 1784 Sequitur
1144 1753 1213 1772 nunc
1226 1751 1257 1772 ut
1268 1740 1300 1771 de
1311 1743 1373 1772 Clo-

724 1784 769 1815 dio
794 1786 902 1818 Albino
921 1785 1030 1823 dicam,
1051 1787 1099 1829 qui
1108 1785 1277 1828 quafifhcius
1290 1786 1371 1828 hujua

724 1830 835 1864 habetur
846 1854 855 1868 ,
877 1833 908 1863 ὅ(
918 1840 1016 1862 cetera
1027 1853 1036 1867 ,
1059 1842 1122 1874 qnae
1133 1841 1213 1862 nunc
1222 1830 1374 1863 habentur

724 1875 757 1906 in
767 1875 827 1907 fine
835 1875 905 1908 libri
915 1899 924 1912 ,
937 1887 1000 1918 quo
1010 1877 1072 1907 loci
1083 1874 1150 1908 sunt
1159 1877 1311 1907 collocata
1321 1886 1373 1907 au-

723 1920 871 1953 thoritate
897 1919 1064 1952 dostissimi
1087 1922 1162 1957 viri,
1187 1931 1277 1964 atque
1299 1920 1373 1952 hinc

724 1966 828 2006 eieQa.
858 1977 910 1998 cur
927 1967 1010 1997 enim
1031 1976 1097 1997 non
1115 1965 1219 1997 eadem
1234 1967 1280 1998 via
1291 1988 1300 2002 ,
1317 1966 1371 1998 illa

724 2021 787 2054 quae
800 2010 880 2053 supra
892 2009 960 2043 sunt
970 2009 1065 2052 pofita
1079 2033 1088 2047 ,
1107 2011 1162 2042 lm
1173 2012 1243 2052 sunt
1264 2012 1371 2043 Diocle-

723 2058 797 2087 tiano
806 2058 936 2087 Maxime
945 2055 1151 2099 Augustorum,
1160 2055 1214 2087 suo
1223 2058 1296 2087 loco
1305 2056 1371 2098 pul-

724 2100 753 2133 sa
770 2101 804 2132 in
821 2102 962 2133 ultimam
980 2111 1103 2144 quoque
1119 2099 1218 2133 sedem
1243 2102 1373 2144 migrare

726 2144 888 2186 jusserunt?
919 2146 1031 2178 eodem
1057 2147 1141 2177 enim
1161 2144 1283 2188 prorsus
1303 2144 1370 2189 spe-

726 2191 820 2224 &anr-
838 2193 960 2233 Salmafi

771 2247 799 2277 ς.
825 2240 880 2268 Ac
889 2248 918 2266 ne
928 2235 998 2278 quid
1007 2247 1041 2266 ex
1050 2236 1088 2267 iis
1100 2247 1159 2279 quae
1169 2259 1178 2273 ,
1190 2235 1277 2276 ε’φικ]
1291 2234 1368 2278 Qlae

723 2290 793 2313 ante
804 2281 863 2313 haec
873 2280 962 2318 verba
973 2283 1114 2324 leguntur
1123 2282 1156 2313 in
1165 2282 1294 2324 vulgatis
1305 2281 1370 2312 edi-

724 2325 863 2358 tionibus
875 2349 883 2363 ,
902 2338 937 2358 ea
956 2337 1015 2358 nos
1033 2328 1156 2359 austore
1169 2328 1276 2358 codice
1285 2327 1369 2368 regio

723 2372 757 2403 in
768 2369 853 2403 suum
864 2373 970 2404 locum
981 2394 990 2408 ‚
1001 2372 1060 2404 hoc
1069 2371 1110 2404 est
1122 2394 1131 2408 ,
1148 2370 1262 2404 librum
1272 2380 1369 2402 extre„

724 2427 811 2449 mum
823 2418 994 2457 rejecimus·
1015 2417 1063 2451 Sic
1072 2418 1166 2452 etiam
1177 2418 1252 2450 alter
1263 2419 1370 2448 Putea-

726 2472 849 2496 norum.
880 2461 994 2505 Cas—mh.

1248 2517 1275 2539 ι.
1288 2504 1380 2548 lpfhm
