1664 2891
320 132 604 180 Pssonus
671 131 1140 181 IMPERATOR.
1307 151 1402 202 931

56 217 166 265 οξὶο
181 214 250 263 vel
263 217 410 264 decem
425 212 721 264 continuaret,
754 215 798 256 &
811 229 961 259 omnes
974 215 1199 262 crederent
1211 217 1405 268 Probum

60 283 145 329 tale
158 281 310 330 animal
327 277 493 324 sibimet
505 276 774 323 servaturum
788 314 798 331 ‚
817 277 905 340 jam
918 279 1111 343 primum
1126 283 1236 329 dixit
1247 316 1262 338 ,
1285 289 1402 346 Fugi-

57 352 136 395 tivo
149 350 264 395 militi
273 347 393 406 potius
407 348 520 402 quam
527 342 623 404 forti
634 346 691 388 hic
704 358 813 401 equm
824 348 1001 392 convenit.
1055 348 1066 367 ¹
1081 347 1254 395 Deinde
1265 349 1312 395 in
1329 369 1399 398 ur-

55 430 158 460 nam
181 418 195 436 ²
206 411 406 457 militares
414 407 531 470 juffit
542 426 703 455 nomen
715 406 837 457 suum
854 411 1025 457 mittere
1039 443 1053 465 ,
1069 425 1117 456 ut
1131 412 1282 476 aliquis
1296 434 1397 464 eum

55 476 171 526 sorte
183 477 338 524 duetus
353 477 582 539 acciperet.
632 477 688 521 Et
712 493 845 539 quum
871 474 1002 523 effent
1027 477 1073 522 in
1099 479 1290 525 exercitu
1306 483 1411 544 qui·-.

57 545 158 592 dam
174 542 352 589 nomine
366 541 497 588 Probi
512 542 586 588 alii
611 556 798 605 quatuor
822 542 978 590 milites
993 575 1007 597 ‚
1032 541 1127 589 casu
1147 544 1297 591 evenit
1321 551 1333 574 ³
1349 562 1401 594 ut

55 610 250 673 primum
278 622 518 672 emergeret
547 607 614 653 cui
644 607 788 653 Probo
808 626 968 655 nomen
994 608 1190 657 existeret
1212 644 1227 666 ,
1262 628 1399 676 quum

51 673 186 738 ipfius
211 674 342 720 Probi
367 674 487 722 ducis
509 691 673 720 nomen
696 672 868 719 miffum
892 692 980 720 non
1005 673 1118 722 effet.
1155 677 1241 725 Sed
1262 695 1398 742 quum

51 754 238 805 quatuor
264 740 328 786 illi
349 740 507 788 milites
522 737 690 785 interse
703 740 1042 793 contenderent,
1068 758 1116 787 ac
1140 740 1294 789 sortem
1317 742 1398 803 fibi

54 807 233 872 quisque
246 804 508 858 defenderet,
518 803 637 867 jusfit
647 804 804 852 iterum
816 806 967 870 agitari
982 824 1131 854 urnam
1147 828 1156 854 :
1174 808 1246 856 sed
1261 814 1303 856 δε
1316 809 1398 856 ite-

53 890 152 919 rum
179 872 311 920 Probi
330 883 497 919 nomen
519 869 712 918 emersit:
736 889 955 937 quumque
966 874 1095 920 tertio
1109 878 1152 920 &
1163 878 1317 940 quarto
1332 874 1399 923 fe-

48 938 193 992 ciffet‚
235 941 386 1004 quarto
411 938 541 984 Probi
566 954 726 984 nomen
751 934 934 984 effusum
959 938 1029 985 est.
1090 940 1228 988 Tunc
1251 943 1396 990 omnis

48 1005 267 1052 exercitus
279 1023 435 1069 equum
451 1004 575 1050 illum
588 1003 733 1049 Probo
744 1004 845 1050 duci
858 1003 1038 1059 dicavit,
1059 1004 1156 1070 ipsis
1168 1007 1296 1054 etiam
1309 1009 1395 1054 mi-

45 1070 196 1119 litibus
209 1088 394 1136 quorum
409 1069 583 1116 nomina
599 1070 792 1117 exierant
804 1103 818 1124 ‚
845 1069 890 1116 id
904 1070 1166 1119 volentibus.
1215 1075 1387 1139 Pugna·
1409 1094 1440 1142 9

49 1137 118 1184 vit
129 1142 172 1185 &
186 1151 336 1186 contra
346 1136 632 1183 Marmaridas
647 1136 692 1182 in
707 1133 854 1183 Africa
864 1134 1107 1192 fortiffime,
1120 1156 1190 1185 eos
1204 1141 1390 1205 denique

47 1202 178 1258 vicit,
205 1217 330 1268 atque
352 1219 404 1249 ex
424 1202 566 1267 Libya
578 1202 889 1265 Carthaginem
905 1201 1073 1251 transiit
1086 1237 1100 1258 ‚
1122 1207 1389 1272 eandemque

47 1267 75 1315 ὲ
90 1269 398 1317 rebellionibus
413 1269 668 1317 vindicavit.
717 1269 935 1332 Pugnavit
961 1275 1004 1316 ὃ(
1029 1269 1231 1335 singulari
1253 1289 1391 1321 certa-

44 1336 164 1383 mine
174 1351 327 1383 contra
339 1337 554 1401 quendam
573 1335 837 1382 Aradionem
850 1336 895 1382 in
909 1333 1053 1383 AfriCa
1070 1371 1083 1391 ‚
1111 1339 1388 1405 eundemque

42 1401 275 1466 prostravit
290 1422 300 1449 :
329 1408 369 1449 ὅ(
383 1403 483 1466 quia
494 1400 772 1449 fortissimum
784 1420 831 1449 ac
844 1402 1223 1467 pertinaciffimum
1236 1405 1386 1454 virum

42 1468 238 1522 viderat,
268 1467 461 1531 sepulcro
486 1468 655 1532 ingenti
677 1468 934 1522 honoravit,
966 1470 1080 1533 quod
1104 1471 1247 1518 adhuc
1264 1486 1387 1520 eXtat

40 1535 63 1563 4
80 1533 251 1581 tumulo
287 1534 416 1598 usque
450 1535 505 1581 ad
539 1534 748 1581 ducentos
778 1535 906 1599 pedes
939 1548 1064 1582 terrae
1087 1535 1175 1583 lato
1195 1554 1272 1600 per
1296 1537 1382 1583 mi-

44 1598 143 1646 lites
168 1617 278 1665 quos
304 1599 463 1647 otiosos
479 1599 558 1648 effe
572 1618 793 1665 nunquam
809 1600 866 1647 est
878 1598 1025 1665 paffus.
1062 1604 1078 1629 ⁵
1091 1604 1253 1650 Extant
1265 1604 1383 1667 apud

39 1668 294 1732 AEgyptum
320 1666 413 1729 ejus
438 1684 569 1733 opera
582 1685 678 1733 quae
692 1685 769 1732 per
785 1667 940 1715 milites
954 1667 1106 1715 struxit
1120 1668 1165 1715 in
1180 1669 1380 1734 plurimis

1270 1754 1381 1783 cmi«

81 1847 111 1870 π.
138 1838 247 1870 Deinde
266 1840 297 1870 in
314 1850 411 1871 urnam
435 1841 568 1874 militares
574 1841 686 1886 jussit.]
733 1840 799 1872 lum
819 1838 960 1874 curavisse
975 1842 1175 1875 extruendum
1191 1866 1200 1881 ,
1218 1844 1304 1887 quod
1324 1854 1380 1876 eos

35 1884 106 1917 Vet.
119 1883 167 1916 ed.
190 1886 310 1917 Milites.
334 1883 459 1917 Salmas.
733 1884 853 1917 otiosos
863 1885 918 1918 effla
938 1898 1095 1931 nunquam
1113 1889 1174 1930 pati
1193 1888 1299 1931 posset.
1338 1892 1381 1921 le-

81 1938 110 1961 2.
136 1930 278 1961 Militares
294 1930 375 1972 jussit
394 1942 487 1961 nomen
497 1932 584 1973 ficum
599 1933 692 1962 mitte·
732 1930 866 1973 gendum
880 1934 965 1968 ,altos
978 1943 1030 1965 aut
1040 1934 1125 1976 quod
1136 1935 1233 1966 verius
1247 1958 1255 1973 ,
1267 1936 1298 1966 δε
1310 1945 1382 1977 pro-

36 1974 95 2015 na]
117 1975 210 2006 Palat.
232 1984 353 2008 tantum
372 1975 483 2013 habet,
500 1977 691 2021 melitesjussit
732 1977 799 2017 pius
811 1975 875 2013 est,
893 1979 980 2014 elato,
1001 1978 1060 2010 hoc
1072 1979 1169 2010 modo
1183 1991 1190 2011 :
1206 1981 1381 2023 fipulcroin-

38 2021 158 2052 mittere.
187 2023 275 2053 Grut.
726 2023 804 2064 genti
812 2021 958 2054 Imm-avit
969 2045 979 2060 ,
989 2023 1060 2066 quod
1070 2023 1156 2055 adhuc
1166 2034 1245 2056 extat
1255 2048 1265 2063 ,
1275 2027 1381 2056 tumulo

81 2074 111 2106 3.
138 2069 178 2098 Ut
195 2067 314 2108 primum
330 2070 471 2110 emergeret
490 2067 536 2097 cui
552 2066 634 2098 Probo
646 2079 691 2097 no·
731 2066 813 2108 usique
822 2066 860 2098 ad
867 2066 995 2099 ducentos
1010 2068 1085 2112 pedes
1098 2078 1174 2101 τέ’-ινα
1183 2072 1263 2102 elato.
1286 2082 1380 2113 opot-

36 2120 101 2142 men
112 2108 246 2152 exsisteret
256 2133 266 2148 ,
287 2112 371 2153 &cd
398 2113 456 2144 Pal.
470 2121 501 2143 ut
514 2114 561 2155 qui
566 2114 688 2156 primum
731 2119 776 2142 tet
794 2113 901 2155 ingens
915 2112 975 2144 hoc
984 2111 1155 2157 ¹sepulcrum
1166 2114 1254 2147 fuisse
1265 2138 1275 2154 ‚
1294 2116 1382 2160 quod

35 2154 126 2188 Probo
134 2168 230 2188 nomen
239 2156 373 2199 exzsteret.
402 2158 502 2190 Idem.
649 2161 651 2163 ’
730 2158 887 2189 tumulum
908 2167 984 2190 terra
1003 2161 1119 2191 elatum
1144 2159 1266 2194 haberet
1285 2160 1381 2206 usque

81 2212 115 2241 4.
129 2204 244 2233 Tumulo
252 2204 334 2243 usque
343 2202 379 2233 acl
388 2202 515 2234 ducentos
522 2201 600 2244 pedes·
609 2211 688 2234 temne
731 2201 768 2233 ad
779 2202 930 2235 ducentos
942 2203 1043 2246 pedes⁴
1062 2206 1181 2247 Salmas.=

35 2246 93 2277 lato
104 2247 206 2287 ,ΘΗ
229 2250 306 2280 Nam
321 2258 384 2290 quo
397 2248 490 2280 latior
500 2248 561 2290 agri
573 2248 686 2280 modus
776 2258 803 2288 5.
828 2253 934 2280 Extant
961 2249 1034 2290 apud
1056 2253 1209 2292 AEgypmm
1226 2253 1282 2293 ejus
1299 2261 1378 2294 opera

38 2289 176 2333 sepulcro
186 2291 387 2335 affignabatur
395 2316 403 2330 ‚
418 2304 455 2325 eo
467 2293 564 2336 magis
575 2292 684 2325 cresce-
707 2297 710 2323 t
729 2305 788 2336 quae
794 2304 840 2337 prr
850 2296 950 2325 milites
953 2294 1063 2336 struxit
1073 2296 1102 2325 in
1110 2296 1235 2337 plurimis
1246 2298 1378 2328 civitati*

37 2334 91 2368 bat
112 2335 225 2369 honos.
248 2338 364 2371 constat
382 2339 442 2372 hoc
451 2350 486 2371 ex
495 2340 628 2382 antiquis
642 2340 688 2371 in·
728 2340 784 2370 bus.
793 2340 805 2378 ’1
820 2342 890 2372 Non
901 2340 933 2371 in
943 2343 1074 2382 AEgypto
1086 2338 1186 2372 solum
1197 2364 1206 2378 ‚
1224 2339 1272 2373 std
1282 2342 1376 2374 etiam

37 2379 269 2424 scriptionibus.
294 2385 412 2425 Cafimb.
728 2385 761 2416 in
772 2385 839 2416 aliis
849 2383 996 2427 plerisque
1006 2386 1172 2426 provinciis
1184 2408 1194 2423 ‚
1216 2397 1248 2418 ut
1259 2386 1377 2423 Africa„

79 2430 193 2459 rumulo
212 2430 293 2471 usque
311 2428 347 2459 ad
373 2429 497 2462 ducentos
513 2429 589 2474 pedes
609 2438 687 2461 term
731 2430 850 2466 Gallia,
870 2431 1028 2462 Pannonia
1040 2453 1049 2466 ‚
1061 2431 1178 2463 Moefia.
1204 2431 1271 2464 vide
1282 2437 1379 2464 Aurea

36 2473 148 2515 Iatoper
157 2473 287 2513 milites]
302 2475 460 2507 Dicitheic
471 2476 584 2507 author
595 2498 604 2512 ,
616 2479 688 2507 Pto·
730 2476 808 2507 lium
828 2476 994 2508 Victorem.
1023 2479 1094 2508 Erat
1111 2477 1161 2509 hic
1174 2488 1244 2511 mos
1262 2478 1376 2510 ducum

39 2515 115 2553 bum
124 2527 177 2563 per
189 2518 304 2554 milites
318 2519 389 2555 ideo
397 2529 462 2556 tam
472 2514 570 2559 [atum
588 2531 688 2556 tumu-
703 2504 709 2553 l
731 2523 763 2556 ὃς
778 2524 856 2566 Imp.
870 2521 1106 2600 R0111.N6afi1ub.
1312 2562 1333 2600 c

1006 2577 1025 2600 n
1039 2576 1059 2599 n
1083 2576 1100 2599 2
1262 2578 1291 2601 x.
1335 2579 1383 2599 0³22
