1664 2891
301 97 755 142 GORDIANUS
826 103 1184 140 TERTIUS.
1312 95 1407 159 663

81 176 217 224 filium
233 181 336 224 verb
353 215 362 230 ‚
380 173 587 235 Pompeio
605 170 868 218 fimillimum
884 172 1023 219 visum
1042 192 1050 219 :
1076 179 1268 238 quamvis
1282 180 1410 224 Pom-

76 244 196 307 pejus
221 242 332 290 obefi
357 240 544 302 corporis
567 235 686 283 fuiffe
720 238 967 301 denegatur.
1016 240 1238 302 Nepotem
1262 258 1407 290 autem

79 311 199 370 cujus
224 309 348 355 etiam
372 321 488 350 nunc
510 304 709 350 videmus
733 303 968 366 imagines,
994 304 1206 369 Scipionis
1235 307 1407 354 Afiatici

73 372 224 421 faciem
253 370 448 417 retuliffe.
488 370 602 434 quod
616 386 693 434 pro
709 368 770 416 sui
782 370 1066 417 admiratione
1081 371 1311 418 tacendum
1328 372 1407 420 effe

77 457 167 486 non
182 438 355 485 credidi.

215 543 773 625 GORDIANUS
832 566 1254 625 TERTIUS.

151 694 230 741 Ost
242 709 424 743 mortem
438 696 1137 753 duorumGordianorum,senatus
1149 697 1343 760 trepidus
1356 702 1398 745 &
1423 720 1484 751 22,

151 762 444 809 Maximinum
457 762 754 809 vehementius
769 763 997 818 timens‚ex
1009 763 1169 826 viginti
1184 764 1285 809 Viris
1296 782 1402 829 quos

67 829 121 875 ad
137 830 291 892 Remp.
308 828 510 875 tuendam
524 828 742 892 delegerat
755 861 768 882 ‚
793 829 1037 893 Pupienum
1053 829 1139 875 five
1153 831 1401 877 Maximum

73 899 141 941 ¹&
163 895 374 941 Clodium
400 893 625 940 Balbinum
648 894 866 957 Augustos
888 895 1149 959 appellavit,
1177 896 1325 942 ambos
1349 912 1403 942 ex

66 960 325 1007 consulibus.
376 960 512 1006 Tunc
524 960 708 1023 populus
721 965 764 1005 &
780 960 936 1006 milites
953 961 1229 1008 Gordianum
1247 980 1403 1026 parvu-

67 1026 159 1072 lum
171 1044 303 1073 annos
316 1039 516 1089 agentem
531 1058 544 1080 ,
565 1039 614 1070 ut
629 1025 820 1089 plerique
831 1025 1013 1073 afferunt
1025 1060 1038 1082 ,
1062 1028 1264 1074 undecim
1280 1063 1294 1084 ‚
1323 1031 1336 1049 ²
1353 1042 1403 1074 ut

67 1091 297 1146 nonnulli,
322 1091 529 1138 tredecim
551 1125 565 1146 ,
589 1105 637 1137 ut
652 1093 812 1157 Junius
839 1093 1011 1139 Cordus
1033 1093 1164 1148 dicit,
1190 1092 1372 1141 sedecim
1387 1131 1399 1147 ,

4 1204 7 1211 ,
68 1167 182 1217 (nam
201 1156 407 1221 vigefimo
422 1155 663 1205 &secundo
687 1175 799 1203 anno
824 1175 921 1204 eum
941 1157 1088 1221 perisse
1109 1159 1262 1211 afferit)
1291 1162 1401 1224 peti-

64 1238 221 1270 verunt
237 1238 284 1269 ut
296 1222 439 1270 Caesar
451 1222 735 1287 appellaretur
751 1242 758 1269 z
788 1223 1013 1289 raptusque
1025 1226 1077 1272 ad
1094 1224 1285 1273 senatum
1299 1260 1312 1281 ,
1335 1242 1398 1273 at-

61 1289 316 1353 queindein
328 1291 537 1336 concione
550 1288 731 1352 politus,
760 1290 1019 1337 indumento
1035 1292 1312 1355 imperatorio
1337 1306 1397 1338 te-

61 1357 156 1402 &us
168 1390 180 1411 ‚
198 1354 342 1402 Caesar
356 1354 414 1401 est
429 1355 682 1419 appellatus,
718 1356 807 1402 Hic
820 1370 942 1403 natus
956 1356 1013 1403 est
1025 1391 1038 1412 ,
1054 1362 1065 1388 ³
1080 1371 1126 1404 ut
1139 1359 1283 1423 plures
1297 1356 1396 1404 affe-

57 1436 174 1474 runt,
191 1440 243 1467 ex
257 1421 344 1468 filia
359 1422 573 1468 Gordiani
591 1438 603 1474 ;
627 1425 646 1450 4
665 1436 831 1468 utunus
847 1437 920 1468 aut
932 1423 1019 1469 duo
1032 1462 1042 1477 ,
1069 1432 1197 1483 (nam
1211 1424 1395 1487 amplius

55 1486 255 1534 invenire
275 1505 363 1533 non
388 1488 538 1550 potui)
571 1491 584 1515 5
597 1506 649 1534 ex
666 1488 756 1534 filio
772 1488 900 1552 quiin
916 1488 1058 1535 Africa
1071 1491 1211 1554 periit.
1248 1490 1267 1512 ⁶
1280 1493 1396 1537 Gor-

10 1549 13 1550 ⁷
55 1553 206 1599 dianus
220 1553 355 1617 igitur
368 1552 514 1599 Caesar
529 1551 666 1600 faetus
678 1555 791 1618 apud
807 1569 986 1600 matrem
1002 1556 1204 1603 educatus
1227 1556 1296 1602 est.
1336 1558 1393 1601 Et

53 1636 190 1683 quum
216 1619 421 1666 eminetis
445 1619 700 1666 Maximinis
714 1659 725 1675 ,
753 1620 974 1668 Maximus
990 1627 1118 1668 etiam
1133 1628 1175 1669 ὃς
1188 1621 1392 1668 Balbinus

1279 1689 1392 1734 mili-

745 1754 786 1786 ita
799 1755 964 1797 pugnantia
975 1754 1228 1788 scribuntvereres
1242 1778 1249 1791 ,
1268 1764 1300 1786 ut
1317 1755 1393 1798 quid

744 1799 936 1842 potiffirniim
947 1800 1056 1842 probes
1069 1811 1133 1832 non
1144 1801 1288 1832 invenias,
1304 1802 1369 1841 Cafi

54 1753 95 1785 (φ
104 1762 197 1781 vocem
211 1772 220 1788 ,
243 1755 284 1785 &¹
295 1763 322 1782 or
334 1773 343 1788 ‚
363 1750 548 1794 &staturam
561 1755 616 1794 (ἦκα
626 1752 707 1796 osten-

52 1805 109 1826 tare
120 1796 270 1827 videretur.
296 1795 384 1828 scribi
403 1798 495 1829 etiam
516 1796 630 1840 posset,
650 1800 704 1831 ortls

55 1841 190 1872 honorem.
215 1840 339 1873 Salmas.

98 1896 127 1917 Ι.
152 1889 186 1916 Et
208 1887 333 1917 clodzum
352 1887 494 1917 Balbinum
517 1888 575 1928 A.]
602 1886 704 1929 VAntE:

51 1930 185 1962 diximus
214 1934 330 1962 Caelium
358 1931 447 1964 fuisse
483 1933 702 1971 nominatum,

4 2008 6 2010 ,
53 1986 119 2008 non
132 1977 294 2008 Clodium.
316 1978 433 2018 casaub.

40 2020 43 2022 ¹
116 2025 151 2052 Et
172 2021 298 2053 Clodium
317 2023 488 2063 Balbinum]
516 2023 564 2055 Sic
589 2024 620 2055 &
640 2023 700 2055 Pal·

51 2064 196 2110 supraque
206 2068 299 2098 etiam
312 2066 383 2109 saepe
393 2068 506 2100 Clodius
518 2068 701 2105 dictusmon

53 2113 160 2144 Caelius.
192 2115 282 2145 Grut.

98 2166 123 2187 2.
151 2161 190 2189 Ut
209 2155 352 2194 nonnulli,
371 2156 530 2199 tredecim]
556 2158 702 2191 Herodia-
722 2196 724 2204 ,

52 2211 109 2232 nus
129 2211 219 2233 xxxi.
249 2213 402 2234 annorum
421 2203 514 2240 facit,
544 2214 610 2235 non
631 2204 700 2236 cuin

51 2244 149 2277 Caesar
159 2245 199 2277 est
219 2257 354 2285 creatus3
382 2246 431 2279 sed
448 2247 518 2280 cum
538 2249 700 2291 imperium

49 2289 180 2332 suscepit
192 2312 200 2327 ‚
219 2293 358 2324 extinffis
377 2294 515 2335 Pupieno
526 2295 558 2325 ὃ(
570 2294 698 2326 Albino.
723 2325 724 2332 ,

723 2343 724 2370 3
744 2350 858 2383 magno
875 2341 991 2383 flagitio
1010 2341 1081 2373 hinc
1101 2339 1199 2372 avulsa
1219 2364 1229 2378 ,
1261 2340 1389 2373 inferius

722 2377 724 2424 ἦ
744 2386 905 2428 aliquanto
917 2385 1102 2428 suntpofita.
1126 2385 1216 2417 Idem.

53 2335 178 2367 Videtur
198 2334 266 2368 sane
287 2340 346 2375 iam
376 2347 443 2370 tum
473 2338 699 2382 grandiusculus

50 2379 138 2412 fuisse
147 2403 156 2417 ‚
179 2380 248 2412 cum
259 2382 295 2413 de
307 2383 477 2416 Gordianis
491 2384 633 2427 Augustis
645 2385 703 2426 pri-

52 2437 121 2457 mus
140 2436 174 2456 ex
195 2426 300 2458 Africa
322 2431 455 2460 Romam
476 2431 602 2461 nuntius
614 2431 702 2461 adve-

54 2472 111 2504 nit.
135 2470 183 2505 sed
203 2471 241 2505 de
258 2472 352 2509 trium
373 2474 603 2510 Gordianorum
614 2475 702 2510 rebus

786 1855 815 1886 3.
836 1848 967 1887 Utplurer
977 1845 1107 1887 affirunt,
1119 1846 1221 1885 exfilia
1230 1844 1392 1886 Gordiani]

746 1889 821 1921 Vide
831 1890 995 1922 Herodian.
1028 1891 1115 1922 Idem.

789 1946 822 1972 4.
848 1939 886 1967 Ut
895 1947 964 1965 unus
975 1944 1023 1966 aut
1035 1935 1086 1966 duo
1101 1958 1109 1971 ‚
1130 1946 1194 1966 nam
1215 1936 1332 1977 amplias
1349 1936 1393 1965 in-

745 1980 837 2010 venire
855 1992 905 2010 non
924 1982 997 2020 potui
1013 2003 1021 2016 ‚
1035 1993 1070 2011 ex
1072 1981 1163 2021 filim]
1188 1981 1325 2023 Amplids
1337 1990 1394 2021 pro

743 2024 852 2065 plures.
877 2024 930 2056 nifi
941 2022 1051 2057 scribas
1064 2048 1073 2060 ,
1085 2027 1254 2067 namplures.
1279 2025 1392 2056 horum

742 2070 878 2101 duorum
890 2071 966 2102 alter
976 2069 1017 2101 est
1028 2072 1182 2113 Dexippus
1192 2093 1200 2107 ‚
1223 2079 1255 2102 ut
1266 2080 1338 2101 mox
1351 2070 1394 2101 di-

744 2114 832 2146 citur.
858 2114 948 2146 Idem.

788 2170 816 2199 5.
841 2163 884 2190 Ex
899 2161 960 2199 filio
972 2162 1060 2203 quiin
1073 2160 1180 2202 Africa
1188 2160 1301 2202 periit]
1323 2159 1393 2192 Post

743 2203 802 2235 haec
820 2205 910 2236 verba
939 2207 1086 2237 collocari
1116 2205 1170 2237 ista
1201 2204 1390 2237 debuerunt:

745 2255 890 2293 IJexzppus
908 2250 1019 2292 quidem
1039 2251 1171 2292 affiwerat
1191 2262 1225 2280 ex
1237 2250 1298 2289 filio
1321 2255 1391 2281 Gor-

742 2294 823 2325 dimi
834 2297 948 2326 tertium
959 2295 1125 2327 Gordianum
1136 2295 1184 2337 esse
1194 2304 1298 2326 natum.
1317 2295 1392 2334 Quae

788 2431 820 2461 6.
847 2430 1001 2462 Gordianus
1012 2433 1098 2473 igitur
1109 2431 1229 2473 Castam]
1245 2431 1307 2464 Pal.
1321 2432 1394 2475 §or-

722 2506 727 2521 ,
746 2474 955 2520 dia-ausscizicet
967 2478 1066 2518 Caefhr.
1094 2480 1184 2510 Grut-

1004 2522 1052 2554 Tt
1074 2533 1095 2561 4
1251 2523 1395 2556 πάππε
